@article{nas_sunpy_white_paper,
  title        = {A recommendation for a complete open source policy},
  author       = {Christe, Steven and Jack Ireland and Dan Ryan},
  year         = 2019,
  month        = aug,
  publisher    = {Zenodo},
  doi          = {10.5281/zenodo.3362439},
}
@article{Glogowski2019drms,
  title        = {drms: A Python package for accessing HMI and AIA data},
  author       = {Glogowski, Kolja and Bobra, Monica and Choudhary, Nitin and Amezcua, Arthur and Mumford, Stuart},
  year         = 2019,
  month        = 8,
  day          = 20,
  journal      = {Journal of Open Source Software},
  publisher    = {The Open Journal},
  volume       = 4,
  number       = 40,
  pages        = 1614,
  doi          = {10.21105/joss.01614},
  issn         = {2475-9066},
  date         = {2019-08-20}
}
@article{Beck2000,
  title        = {A comparison of differential rotation measurements -- (Invited Review)},
  author       = {Beck, John G.},
  year         = 2000,
  month        = jan,
  day          = 1,
  journal      = {Solar Physics},
  volume       = 191,
  number       = 1,
  pages        = {47--70},
  doi          = {10.1023/A:1005226402796},
  issn         = {1573-093X},
}
@misc{pyhc2018,
  title        = {Python in Heliophysics Community Meeting},
  author       = {Ware, Alexandria and Barnum, Julie and Candey, Robert and Cecconi, Baptiste and Christe, Steven and Faden, Jeremy and Grimes, Eric and Harris, Bernie and Harter, Bryan and Kilcommons, Liam and Loh, Alan and McGuire, Robert and Mumford, Stuart and Narock, Ayris and Nguyen, Quynh Nhu and Niehof, Jonathan and Maldonado, Armando and Murphy, Nicholas and Panneton, Russ and Pembroke, Asher and Piker, Chris and Reardon, Kevin and Roberts, D. Aaron and Rogers, Anthony and Ryan, Daniel and Savage, Sabrina and Stoneback, Russell and Watson, Fraser and Woodraska, Don},
  year         = 2019,
  month        = apr,
  publisher    = {Zenodo},
  doi          = {10.5281/zenodo.2537188},
  url          = {https://doi.org/10.5281/zenodo.2537188}
}
@article{2009EM&P..104..315H,
  title        = {{The Virtual Solar Observatory{\textemdash}A Resource for International Heliophysics Research}},
  author       = {{Hill}, Frank and {Martens}, Piet and {Yoshimura}, Keji and {Gurman}, Joseph and {Hourcl{\'e}}, Joseph and {Dimitoglou}, George and {Su{\'a}rez-Sol{\'a}}, Igor and {Wampler}, Steve and {Reardon}, Kevin and {Davey}, Alisdair and {Bogart}, Richard S. and {Tian}, Karen Q.},
  year         = 2009,
  month        = apr,
  journal      = {Earth Moon and Planets},
  volume       = 104,
  number       = {1-4},
  pages        = {315--330},
  doi          = {10.1007/s11038-008-9274-7},
  keywords     = {Data management, Virtual observatories, Solar physics, Distributed archives}
}
@online{guo2014,
  title        = {Python Is Now the Most Popular Introductory Teaching Language at Top ­U.S. ­Universities},
  author       = {Guo, Philip},
  year         = 2014,
  month        = jul,
  day          = 7,
  url          = {https://cacm.acm.org/blogs/blog-cacm/176450},
  urldate      = {2019-08-01}
}
@article{refId0,
  title        = {Definition of the Flexible Image Transport System (FITS),   version 3.0},
  author       = {{Pence}, W. D. and {Chiappetti}, L. and {Page}, C. G. and {Shaw}, R. A. and {Stobie}, E.},
  year         = 2010,
  month        = {},
  journal      = {Astronomy \& Astrophysics},
  volume       = 524,
  pages        = {A42},
  doi          = {10.1051/0004-6361/201015362}
}
@article{bangerth2013,
  title        = {What makes computational open source software libraries successful?},
  author       = {Bangerth, W. and Heister, T.},
  year         = 2013,
  journal      = {CS\& D},
  volume       = 6,
  number       = 1,
  pages        = 15010,
}
,
@article{Wilson:2014cka,
  title        = {{Best practices for scientific computing.}},
  author       = {Wilson, Greg and Aruliah, D A and Brown, C Titus and Chue Hong, Neil P and Davis, Matt and Guy, Richard T and Haddock, Steven H D and Huff, Kathryn D and Mitchell, Ian M and Plumbley, Mark D and Waugh, Ben and White, Ethan P and Wilson, Paul},
  year         = 2014,
  month        = jan,
  journal      = {PLoS biology},
  volume       = 12,
  number       = 1,
  pages        = {e1001745}
}
@article{hek,
  title        = {Heliophysics Event Knowledgebase for the Solar Dynamics Observatory {(SDO)} and Beyond},
  author       = {Hurlburt, N. and Cheung, M. and Schrijver, C. and Chang, L. and Freeland, S. and Green, S. and Heck, C. and Jaffey, A. and Kobashi, A. and Schiff, D. and Serafin, J. and Seguin, R. and Slater, G. and Somani, A. and Timmons, R.},
  year         = 2012,
  month        = jan,
  journal      = {Solar Physics},
  volume       = 275,
  pages        = {67--78},
  doi          = {10.1007/s11207-010-9624-2},
  keywords     = {Data markup, Solar Dynamics Observatory, Solar features and events}
}
,
@article{snakes,
  title        = {{Snakes on a Spaceship{\textemdash}An Overview of Python in Heliophysics}},
  author       = {{Burrell}, A.~G. and {Halford}, A. and {Klenzing}, J. and {Stoneback}, R.~A. and {Morley}, S.~K. and {Annex}, A.~M. and {Laundal}, K.~M. and {Kellerman}, A.~C. and {Stansby}, D. and {Ma}, J.},
  year         = 2018,
  month        = dec,
  journal      = {Journal of Geophysical Research (Space Physics)},
  volume       = 123,
  number       = 12,
  pages        = {10,384--10,402},
  doi          = {10.1029/2018JA025877},
  keywords     = {open source, Python, reproducible science, system science, heliophysics, software, Astrophysics - Instrumentation and Methods for Astrophysics, Physics - Space Physics},
  archiveprefix = {arXiv},
  eprint       = {1901.00143},
  primaryclass = {astro-ph.IM}
}
@article{ape-0001,
  title        = {{Astropy Proposal for Enhancement 1: APE Purpose and Process (APE 1)}},
  author       = {Greenfield, Perry},
  year         = 2013,
  month        = nov,
  doi          = {10.5281/zenodo.1043886},
  url          = {https://doi.org/10.5281/zenodo.1043886}
}
@article{sep-0001,
  title        = {{SunPy Proposal for Enhancement 1: SEP Purpose and Guidelines (SEP 0001)}},
  author       = {Christe, Steven},
  year         = 2014,
  month        = mar,
  doi          = {10.5281/zenodo.3261403},
  url          = {https://doi.org/10.5281/zenodo.3261403}
}
@article{sep-0002,
  title        = {{SunPy Proposal for Enhancement 2: SunPy Organization Definition (SEP 0002)}},
  author       = {Christe, Steven},
  year         = 2018,
  month        = dec,
  doi          = {10.5281/zenodo.3261663},
  url          = {https://doi.org/10.5281/zenodo.3261663}
}
@article{sep-0003,
  title        = {{SunPy Proposal for Enhancement 3: Physical Units in SunPy (SEP 0003)}},
  author       = {Christe, Steven},
  year         = 2014,
  month        = jul,
  doi          = {10.5281/zenodo.3261707},
  url          = {https://doi.org/10.5281/zenodo.3261707}
}
@article{sep-0004,
  title        = {{SunPy Proposal for Enhancement 4: Packages Affiliated with the SunPy Project (SEP 0004)}},
  author       = {Mumford, Stuart and Christe, Steven},
  year         = 2014,
  month        = oct,
  doi          = {10.5281/zenodo.3261752},
  url          = {https://doi.org/10.5281/zenodo.3261752}
}
@article{sep-0005,
  title        = {{SunPy Proposal for Enhancement 5: Coordinates Module (SEP 0005)}},
  author       = {Chakraborty, Pritish and Mumford, Stuart},
  year         = 2019,
  month        = jun,
  doi          = {10.5281/zenodo.3261768},
  url          = {https://doi.org/10.5281/zenodo.3261768}
}
@article{sep-0006,
  title        = {{SunPy Proposal for Enhancement 6: SunPy Board Membership List (SEP 0006)}},
  author       = {Christe, Steven},
  year         = 2019,
  month        = apr,
  doi          = {10.5281/zenodo.3261786},
  url          = {https://doi.org/10.5281/zenodo.3261786}
}
@article{sep-0007,
  title        = {{SunPy Proposal for Enhancement 7: Lightcurve Factory Refactor (SEP 0007)}},
  author       = {Mumford, Stuart},
  year         = 2015,
  month        = dec,
  doi          = {10.5281/zenodo.3261788},
  url          = {https://doi.org/10.5281/zenodo.3261788}
}
@article{sep-0008,
  title        = {{SunPy Proposal for Enhancement 8: Astropy Time (SEP 0008)}},
  author       = {Mumford, Stuart},
  year         = 2018,
  month        = sep,
  doi          = {10.5281/zenodo.3261794},
  url          = {https://doi.org/10.5281/zenodo.3261794}
}
@article{sep-0009,
  title        = {{SunPy Proposal for Enhancement 9: Release Pattern for SunPy Core (SEP 0009)}},
  author       = {Mumford, Stuart and Hewett, Russell},
  year         = 2019,
  month        = jun,
  doi          = {10.5281/zenodo.3261800},
  url          = {https://doi.org/10.5281/zenodo.3261800}
}
@article{pyhcStandards,
  title        = {Python in Heliophysics Community (PyHC) Standards},
  author       = {Annex, A. and Alterman, B. L. and Azari, A. and Barnes, W. and Bobra, M. and Cecconi, B. and Christe, Steven and Coxon, J. and DeWolfe, A. and Halford, A. and et al.},
  year         = 2018,
  month        = dec,
  publisher    = {Zenodo},
  doi          = {10.5281/zenodo.2529131},
}
@article{gwcs2018,
  title        = {spacetelescope/gwcs: GWCS v0.10.0},
  author       = {Nadia Dencheva and Stuart Mumford and Brigitta Sipocz and Dan D\'Avella and P. L. Lim and Craig Jones and Erik Tollerud and Bernie Simon and James Davies and Christoph Deil and et al.},
  year         = 2018,
  month        = dec,
  publisher    = {Zenodo},
  doi          = {10.5281/zenodo.2481215},
}
@article{2002A&A...395.1061G,
  title        = {{Representations of world coordinates in FITS}},
  author       = {{Greisen}, E.~W. and {Calabretta}, M.~R.},
  year         = 2002,
  month        = dec,
  journal      = {\aap},
  volume       = 395,
  pages        = {1061--1075},
  doi          = {10.1051/0004-6361:20021326},
  keywords     = {methods: data analysis, techniques: image processing, astronomical data bases: miscellaneous, Astrophysics},
  archiveprefix = {arXiv},
  eprint       = {astro-ph/0207407},
  primaryclass = {astro-ph},
  adsnote      = {Provided by the SAO/NASA Astrophysics Data System}
}
@inproceedings{Damevski2009,
  title        = {Expressing Measurement Units in Interfaces for Scientific Component Software},
  author       = {Damevski, Kostadin},
  year         = 2009,
  booktitle    = {Proceedings of the 2009 Workshop on Component-Based High Performance Computing},
  location     = {Portland, Oregon},
  publisher    = {ACM},
  series       = {CBHPC '09},
  pages        = {13:1--13:8},
  doi          = {10.1145/1687774.1687787},
  isbn         = {978-1-60558-718-9},
  articleno    = 13,
  numpages     = 8,
  acmid        = 1687787
}
@article{mco_mishap_report,
  author       = {{The Mars Climate Orbiter Mishap Investigation Board}},
  year         = 1999,
  month        = nov,
  journal      = {NASA},
  url          = {ftp://ftp.hq.nasa.gov/pub/pao/reports/1999/MCO_report.pdf}
}
@article{numpy,
  title        = {The NumPy Array: A Structure for Efficient Numerical Computation},
  author       = {S. {van der Walt} and S. C. {Colbert} and G. {Varoquaux}},
  year         = 2011,
  month        = mar,
  journal      = {Computing in Science Engineering},
  volume       = 13,
  number       = 2,
  pages        = {22--30},
  doi          = {10.1109/MCSE.2011.37},
  issn         = {1521-9615},
  keywords     = {data structures;high level languages;mathematics computing;numerical analysis;numerical computation;numpy array;numerical data;high level language;Python programming language;Arrays;Numerical analysis;Performance evaluation;Computational efficiency;Finite element methods;Vector quantization;Resource management;Python;NumPy;scientific programming;numerical computations;programming libraries}
}
@inproceedings{pandas,
  title        = {Data Structures for Statistical Computing in Python},
  author       = {Wes McKinney},
  year         = 2010,
  booktitle    = {Proceedings of the 9th Python in Science Conference},
  pages        = {51--56},
  editor       = {St\'efan van der Walt and Jarrod Millman}
}
@article{matplotlib,
  title        = {Matplotlib: A 2D Graphics Environment},
  author       = {Hunter,John D.},
  year         = 2007,
  journal      = {Computing in Science \& Engineering},
  volume       = 9,
  number       = 3,
  pages        = {90--95},
  doi          = {10.1109/MCSE.2007.55}
}
@misc{scipy,
  title        = {{SciPy}: Open source scientific tools for {Python}},
  author       = {Eric Jones and Travis Oliphant and Pearu Peterson and others},
  year         = {2001--},
  url          = {http://www.scipy.org/},
  note         = {[Online; accessed <today>]}
}
@article{Freeland:1998we,
  title        = {{Data analysis with the SolarSoft system}},
  author       = {Freeland, S and Handy, B N},
  year         = 1998,
  journal      = {Solar Physics},
  volume       = 182,
  number       = 2,
  pages        = {497--500}
}
@article{Community:2015cy,
  title        = {{SunPy{\textemdash}Python for solar physics}},
  author       = {{The SunPy Community} and Mumford, Stuart J and Christe, Steven D and P{\'e}rez-Su{\'a}rez, David and Ireland, Jack and Shih, Albert and Inglis, Andrew R and Liedtke, Simon and Hewett, Russell J and Mayer, Florian and Hughitt, Keith and Freij, Nabil and Meszaros, Tomas and Bennett, Samuel M and Malocha, Michael and Evans, John and Agrawal, Ankit and Leonard, Andrew J and Robitaille, Thomas P and Mampaey, Benjamin and Campos-Rozo, Jose Iv{\'a}n and Kirk, Michael S},
  year         = 2015,
  month        = jul,
  journal      = {CS\& D},
  volume       = 8,
  number       = 1,
  pages        = {1--23}
}
@article{DePontieu2014,
  title        = {{The Interface Region Imaging Spectrograph (IRIS)}},
  author       = {{De Pontieu}, B. and {Title}, A.~M. and {Lemen}, J.~R. and {Kushner}, G.~D. and {Akin}, D.~J. and {Allard}, B. and {Berger}, T. and {Boerner}, P. and {Cheung}, M. and {Chou}, C. and {Drake}, J.~F. and {Duncan}, D.~W. and {Freeland}, S. and {Heyman}, G.~F. and {Hoffman}, C. and {Hurlburt}, N.~E. and {Lindgren}, R.~W. and {Mathur}, D. and {Rehse}, R. and {Sabolish}, D. and {Seguin}, R. and {Schrijver}, C.~J. and {Tarbell}, T.~D. and {W{\"u}lser}, J.-P. and {Wolfson}, C.~J. and {Yanari}, C. and {Mudge}, J. and {Nguyen-Phuc}, N. and {Timmons}, R. and {van Bezooijen}, R. and {Weingrod}, I. and {Brookner}, R. and {Butcher}, G. and {Dougherty}, B. and {Eder}, J. and {Knagenhjelm}, V. and {Larsen}, S. and {Mansir}, D. and {Phan}, L. and {Boyle}, P. and {Cheimets}, P.~N. and {DeLuca}, E.~E. and {Golub}, L. and {Gates}, R. and {Hertz}, E. and {McKillop}, S. and {Park}, S. and {Perry}, T. and {Podgorski}, W.~A. and {Reeves}, K. and {Saar}, S. and {Testa}, P. and {Tian}, H. and {Weber}, M. and {Dunn}, C. and {Eccles}, S. and {Jaeggli}, S.~A. and {Kankelborg}, C.~C. and {Mashburn}, K. and {Pust}, N. and {Springer}, L. and {Carvalho}, R. and {Kleint}, L. and {Marmie}, J. and {Mazmanian}, E. and {Pereira}, T.~M.~D. and {Sawyer}, S. and {Strong}, J. and {Worden}, S.~P. and {Carlsson}, M. and {Hansteen}, V.~H. and {Leenaarts}, J. and {Wiesmann}, M. and {Aloise}, J. and {Chu}, K.-C. and {Bush}, R.~I. and {Scherrer}, P.~H. and {Brekke}, P. and {Martinez-Sykora}, J. and {Lites}, B.~W. and {McIntosh}, S.~W. and {Uitenbroek}, H. and {Okamoto}, T.~J. and {Gummin}, M.~A. and {Auker}, G. and {Jerram}, P. and {Pool}, P. and {Waltham}, N.},
  year         = 2014,
  month        = jul,
  journal      = {\solphys},
  volume       = 289,
  pages        = {2733--2779},
  doi          = {10.1007/s11207-014-0485-y},
  archiveprefix = {arXiv},
  eprint       = {1401.2491},
  primaryclass = {astro-ph.SR},
  keywords     = {Heating, chromospheric, Heating, coronal, Chromosphere, models, Chromosphere, active, Corona, active, Magnetic fields, chromosphere, Instrumentation and data management, Spectrum, ultraviolet}
}
@article{astropy2018,
  title        = {The Astropy Project: Building an Open-science Project and Status of the v2.0 Core Package},
  author       = {{The Astropy Collaboration} and A. M. Price-Whelan and B. M. Sip{\H{o}}cz and H. M. Günther and P. L. Lim and S. M. Crawford and S. Conseil and D. L. Shupe and M. W. Craig and N. Dencheva and A. Ginsburg and J. T. VanderPlas and L. D. Bradley and D. P{\'{e}}rez-Su{\'{a}}rez and M. de Val-Borro and T. L. Aldcroft and K. L. Cruz and T. P. Robitaille and E. J. Tollerud and C. Ardelean and T. Babej and Y. P. Bach and M. Bachetti and A. V. Bakanov and S. P. Bamford and G. Barentsen and P. Barmby and A. Baumbach and K. L. Berry and F. Biscani and M. Boquien and K. A. Bostroem and L. G. Bouma and G. B. Brammer and E. M. Bray and H. Breytenbach and H. Buddelmeijer and D. J. Burke and G. Calderone and J. L. Cano Rodr{\'{\i}}guez and M. Cara and J. V. M. Cardoso and S. Cheedella and Y. Copin and L. Corrales and D. Crichton and D. D'Avella and C. Deil and {\'{E}}. Depagne and J. P. Dietrich and A. Donath and M. Droettboom and N. Earl and T. Erben and S. Fabbro and L. A. Ferreira and T. Finethy and R. T. Fox and L. H. Garrison and S. L. J. Gibbons and D. A. Goldstein and R. Gommers and J. P. Greco and P. Greenfield and A. M. Groener and F. Grollier and A. Hagen and P. Hirst and D. Homeier and A. J. Horton and G. Hosseinzadeh and L. Hu and J. S. Hunkeler and {\v{Z}}. Ivezi{\'{c}} and A. Jain and T. Jenness and G. Kanarek and S. Kendrew and N. S. Kern and W. E. Kerzendorf and A. Khvalko and J. King and D. Kirkby and A. M. Kulkarni and A. Kumar and A. Lee and D. Lenz and S. P. Littlefair and Z. Ma and D. M. Macleod and M. Mastropietro and C. McCully and S. Montagnac and B. M. Morris and M. Mueller and S. J. Mumford and D. Muna and N. A. Murphy and S. Nelson and G. H. Nguyen and J. P. Ninan and M. Nšthe and S. Ogaz and S. Oh and J. K. Parejko and N. Parley and S. Pascual and R. Patil and A. A. Patil and A. L. Plunkett and J. X. Prochaska and T. Rastogi and V. Reddy Janga and J. Sabater and P. Sakurikar and M. Seifert and L. E. Sherbert and H. Sherwood-Taylor and A. Y. Shih and J. Sick and M. T. Silbiger and S. Singanamalla and L. P. Singer and P. H. Sladen and K. A. Sooley and S. Sornarajah and O. Streicher and P. Teuben and S. W. Thomas and G. R. Tremblay and J. E. H. Turner and V. Terr{\'{o}}n and M. H. van Kerkwijk and A. de la Vega and L. L. Watkins and B. A. Weaver and J. B. Whitmore and J. Woillez and V. Zabalza and   and   and},
  year         = 2018,
  month        = aug,
  journal      = {The Astronomical Journal},
  publisher    = {American Astronomical Society},
  volume       = 156,
  number       = 3,
  pages        = 123,
  doi          = {10.3847/1538-3881/aabc4f},
}
@article{astropy2013,
  title        = {{Astropy: A community Python package for astronomy}},
  author       = {{Astropy Collaboration} and {Robitaille}, T.~P. and {Tollerud}, E.~J. and {Greenfield}, P. and {Droettboom}, M. and {Bray}, E. and {Aldcroft}, T. and {Davis}, M. and {Ginsburg}, A. and {Price-Whelan}, A.~M. and {Kerzendorf}, W.~E. and {Conley}, A. and {Crighton}, N. and {Barbary}, K. and {Muna}, D. and {Ferguson}, H. and {Grollier}, F. and {Parikh}, M.~M. and {Nair}, P.~H. and {Unther}, H.~M. and {Deil}, C. and {Woillez}, J. and {Conseil}, S. and {Kramer}, R. and {Turner}, J.~E.~H. and {Singer}, L. and {Fox}, R. and {Weaver}, B.~A. and {Zabalza}, V. and {Edwards}, Z.~I. and {Azalee Bostroem}, K. and {Burke}, D.~J. and {Casey}, A.~R. and {Crawford}, S.~M. and {Dencheva}, N. and {Ely}, J. and {Jenness}, T. and {Labrie}, K. and {Lim}, P.~L. and {Pierfederici}, F. and {Pontzen}, A. and {Ptak}, A. and {Refsdal}, B. and {Servillat}, M. and {Streicher}, O.},
  year         = 2013,
  month        = oct,
  journal      = {\aap},
  volume       = 558,
  pages        = {A33},
  doi          = {10.1051/0004-6361/201322068},
  archiveprefix = {arXiv},
  eprint       = {1307.6212},
  primaryclass = {astro-ph.IM},
  keywords     = {methods: data analysis, methods: miscellaneous, virtual observatory tools},
  eid          = {A33}
}
@misc{astropy_v3.0.5,
  title        = {{astropy v3.0.5: a core python package for astronomy}},
  author       = {{The Astropy Collaboration}},
  year         = 2018,
  month        = oct,
  doi          = {10.5281/zenodo.2556700},
  url          = {https://doi.org/10.5281/zenodo.2556700}
}
@misc{sunpy_v1.0.2,
  title        = {SunPy},
  author       = {Stuart J. Mumford and Steven Christe and Nabil Freij and Florian Mayer and Keith Hughitt and Daniel F. Ryan and Simon Liedtke and Albert Y. Shih and David Pérez-Suárez and Pritish Chakraborty and Vishnunarayan K I and Andrew R. Inglis and Punyaslok Pattnaik and Brigitta M. Sipőcz and Rishabh Sharma and Drew Leonard and Russell J. Hewett and Alex-Ian-Hamilton and David Stansby and Asish Panda and Matt Earnshaw and Nitin Choudhary and Ankit Kumar and Laura Hayes and Prateek Chanda and Md Akramul Haque and Sudarshan Konge and mdmueller and Michael Kirk and haathi},
  year         = 2019,
  month        = jun,
  doi          = {10.5281/zenodo.3257691},
  url          = {https://doi.org/10.5281/zenodo.3257691}
}
@misc{matplotlib_v3.1.0,
  title        = {matplotlib/matplotlib v3.1.0},
  year         = 2019,
  month        = may,
  doi          = {10.5281/zenodo.2893252},
  url          = {https://doi.org/10.5281/zenodo.2893252}
}
@book{NAP2019,
  title        = {Reproducibility and Replicability in Science},
  author       = {{National Academies of Sciences, Engineering, and Medicine}},
  year         = 2019,
  publisher    = {The National Academies Press},
  address      = {Washington, DC},
  doi          = {10.17226/25303},
  isbn         = {978-0-309-48613-2},
}
@book{NAP2018,
  title        = {Open Source Software Policy Options for NASA Earth and Space Sciences},
  author       = {{National Academies of Sciences, Engineering, and Medicine}},
  year         = 2018,
  publisher    = {The National Academies Press},
  address      = {Washington, DC},
  doi          = {10.17226/25217},
  isbn         = {978-0-309-48271-4},
}
@article{PriceWhelan:2018ji,
  title        = {{The Astropy Project: Building an Open-science Project and Status of the v2.0 Core Package}},
  author       = {Price-Whelan, A M and Sip{\H o}cz, B M and G{\"u}nther, H M and Lim, P L and Crawford, S M and Conseil, S and Shupe, D L and Craig, M W and Dencheva, N and Ginsburg, A and VanderPlas, J T and Bradley, L D and Perez-Suarez, D and de Val-Borro, M and Aldcroft, Tom and Cruz, K L and Robitaille, T P and Tollerud, E J and Ardelean, C and Babej, T and Bach, Y P and Bachetti, M and Bakanov, A V and Bamford, S P and Barentsen, G and Barmby, P and Baumbach, A and Berry, K L and Biscani, F and Boquien, M and Bostroem, K A and Bouma, L G and Brammer, G B and Bray, E M and Breytenbach, H and Buddelmeijer, H and Burke, D J and Calderone, G and Rodr{\'\i}guez, J L Cano and Cara, M and Cardoso, J V M and Cheedella, S and Copin, Y and Corrales, L and Crichton, D and D{\textquoteright}Avella, D and Deil, C and Depagne, {\'E} and Dietrich, J P and Donath, A and Droettboom, M and Earl, N and Erben, T and Fabbro, S and Ferreira, L A and Finethy, T and Fox, R T and Garrison, L H and Gibbons, S L J and Goldstein, D A and Gommers, R and Greco, J P and Greenfield, P and Groener, A M and Grollier, F and Hagen, A and Hirst, P and Homeier, D and Horton, A J and Hosseinzadeh, G and Hu, L and Hunkeler, J S and Ivezi{\'c}, {\v Z} and Jain, A and Jenness, T and Kanarek, G and Kendrew, S and Kern, N S and Kerzendorf, W E and Khvalko, A and King, J and Kirkby, D and Kulkarni, A M and Kumar, A and Lee, A and Lenz, D and Littlefair, S P and Ma, Z and Macleod, D M and Mastropietro, M and McCully, C and Montagnac, S and Morris, B M and Mueller, M and Mumford, S J and Muna, D and Murphy, N A and Nelson, S and Nguyen, G H and Ninan, J P and N{\"o}the, M and Ogaz, S and Oh, S and Parejko, J K and Parley, N and Pascual, S and Patil, R and Patil, A A and Plunkett, A L and Prochaska, J X and Rastogi, T and Janga, V Reddy and Sabater, J and Sakurikar, P and Seifert, M and Sherbert, L E and Sherwood-Taylor, H and Shih, Albert and Sick, J and Silbiger, M T and Singanamalla, S and Singer, L P and Sladen, P H and Sooley, K A and Sornarajah, S and Streicher, O and Teuben, P and Thomas, S W and Tremblay, G R and Turner, J E H and Terr{\'o}n, V and van Kerkwijk, M H and de la Vega, A and Watkins, L L and Weaver, B A and Whitmore, J B and Woillez, J and Zabalza, V},
  year         = 2018,
  month        = aug,
  journal      = {The Astronomical Journal},
  volume       = 156,
  number       = 3,
  pages        = {0--0}
}
@article{2014AA...561A..29V,
  title        = {{The SPoCA-suite: Software for extraction, characterization, and tracking of active regions and coronal holes on EUV images}},
  author       = {{Verbeeck}, C. and {Delouille}, V. and {Mampaey}, B. and {De Visscher}, R.},
  year         = 2014,
  month        = jan,
  journal      = {\aap},
  volume       = 561,
  pages        = {A29},
  doi          = {10.1051/0004-6361/201321243},
  keywords     = {techniques: image processing, Sun: corona, Sun: activity, Sun: UV radiation},
  eid          = {A29}
}
@article{dominique2013lyra,
  title        = {The LYRA instrument onboard PROBA2: description and in-flight performance},
  author       = {Dominique, Marie and Hochedez, J-F and Schmutz, W and Dammasch, IE and Shapiro, AI and Kretzschmar, Matthieu and Zhukov, AN and Gillotay, D and Stockman, Y and BenMoussa, A},
  year         = 2013,
  journal      = {Solar Physics},
  publisher    = {Springer},
  volume       = 286,
  number       = 1,
  pages        = {21--42}
}
@incollection{woods2010extreme,
  title        = {Extreme Ultraviolet Variability Experiment (EVE) on the Solar Dynamics Observatory (SDO): Overview of science objectives, instrument design, data products, and model developments},
  author       = {Woods, TN and Eparvier, FG and Hock, R and Jones, AR and Woodraska, D and Judge, D and Didkovsky, L and Lean, J and Mariska, J and Warren, H and others},
  year         = 2010,
  booktitle    = {The Solar Dynamics Observatory},
  publisher    = {Springer},
  pages        = {115--143},
  doi          = {10.1007/s11207-009-9487-6}
}
@article{meegan2009fermi,
  title        = {The Fermi gamma-ray burst monitor},
  author       = {Meegan, Charles and Lichti, Giselher and Bhat, PN and Bissaldi, Elisabetta and Briggs, Michael S and Connaughton, Valerie and Diehl, Roland and Fishman, Gerald and Greiner, Jochen and Hoover, Andrew S and others},
  year         = 2009,
  journal      = {The Astrophysical Journal},
  publisher    = {IOP Publishing},
  volume       = 702,
  number       = 1,
  pages        = 791
}
@article{nakajima1994nobeyama,
  title        = {The nobeyama radioheliograph},
  author       = {Nakajima, Hiroshi and Nishio, M and Enome, Sh and Shibasaki, K and Takano, T and Hanaoka, Y and Torii, C and Sekiguchi, H and Bushimata, T and Kawashima, S and others},
  year         = 1994,
  journal      = {Proceedings of the IEEE},
  publisher    = {IEEE},
  volume       = 82,
  number       = 5,
  pages        = {705--713}
}
@article{lin2002reuven,
  title        = {{The Reuven Ramaty High-Energy Solar Spectroscopic Imager (RHESSI)}},
  author       = {{Lin}, R.~P. and {Dennis}, B.~R. and {Hurford}, G.~J. and {Smith}, D.~M. and {Zehnder}, A. and {Harvey}, P.~R. and {Curtis}, D.~W. and {Pankow}, D. and {Turin}, P. and {Bester}, M. and {Csillaghy}, A. and {Lewis}, M. and {Madden}, N. and {van Beek}, H.~F. and {Appleby}, M. and {Raudorf}, T. and {McTiernan}, J. and {Ramaty}, R. and {Schmahl}, E. and {Schwartz}, R. and {Krucker}, S. and {Abiad}, R. and {Quinn}, T. and {Berg}, P. and {Hashii}, M. and {Sterling}, R. and {Jackson}, R. and {Pratt}, R. and {Campbell}, R.~D. and {Malone}, D. and {Landis}, D. and {Barrington-Leigh}, C.~P. and {Slassi-Sennou}, S. and {Cork}, C. and {Clark}, D. and {Amato}, D. and {Orwig}, L. and {Boyle}, R. and {Banks}, I.~S. and {Shirey}, K. and {Tolbert}, A.~K. and {Zarro}, D. and {Snow}, F. and {Thomsen}, K. and {Henneck}, R. and {McHedlishvili}, A. and {Ming}, P. and {Fivian}, M. and {Jordan}, J. and {Wanner}, R. and {Crubb}, J. and {Preble}, J. and {Matranga}, M. and {Benz}, A. and {Hudson}, H. and {Canfield}, R.~C. and {Holman}, G.~D. and {Crannell}, C. and {Kosugi}, T. and {Emslie}, A.~G. and {Vilmer}, N. and {Brown}, J.~C. and {Johns-Krull}, C. and {Aschwanden}, M. and {Metcalf}, T. and {Conway}, A.},
  year         = 2002,
  month        = nov,
  journal      = {\solphys},
  volume       = 210,
  pages        = {3--32},
  doi          = {10.1023/A:1022428818870}
}
@article{Muna2016,
  title        = {{The Astropy Problem}},
  author       = {{Muna}, Demitri and {Alexander}, Michael and {Allen}, Alice and {Ashley}, Richard and {Asmus}, Daniel and {Azzollini}, Ruyman and {Bannister}, Michele and {Beaton}, Rachael and {Benson}, Andrew and {Berriman}, G. Bruce and {Bilicki}, Maciej and {Boyce}, Peter and {Bridge}, Joanna and {Cami}, Jan and {Cangi}, Eryn and {Chen}, Xian and {Christiny}, Nicholas and {Clark}, Christopher and {Collins}, Michelle and {Comparat}, Johan and {Cook}, Neil and {Croton}, Darren and {Delberth Davids}, Isak and {Depagne}, {\'E}ric and {Donor}, John and {dos Santos}, Leonardo A. and {Douglas}, Stephanie and {Du}, Alan and {Durbin}, Meredith and {Erb}, Dawn and {Faes}, Daniel and {Fern{\'a}ndez-Trincado}, J.~G. and {Foley}, Anthony and {Fotopoulou}, Sotiria and {Frimann}, S{\o}ren and {Frinchaboy}, Peter and {Garcia-Dias}, Rafael and {Gawryszczak}, Artur and {George}, Elizabeth and {Gonzalez}, Sebastian and {Gordon}, Karl and {Gorgone}, Nicholas and {Gosmeyer}, Catherine and {Grasha}, Katie and {Greenfield}, Perry and {Grellmann}, Rebekka and {Guillochon}, James and {Gurwell}, Mark and {Haas}, Marcel and {Hagen}, Alex and {Haggard}, Daryl and {Haines}, Tim and {Hall}, Patrick and {Hellwing}, Wojciech and {Herenz}, Edmund Christian and {Hinton}, Samuel and {Hlozek}, Renee and {Hoffman}, John and {Holman}, Derek and {Holwerda}, Benne Willem and {Horton}, Anthony and {Hummels}, Cameron and {Jacobs}, Daniel and {Juel Jensen}, Jens and {Jones}, David and {Karick}, Arna and {Kelley}, Luke and {Kenworthy}, Matthew and {Kitchener}, Ben and {Klaes}, Dominik and {Kohn}, Saul and {Konorski}, Piotr and {Krawczyk}, Coleman and {Kuehn}, Kyler and {Kuutma}, Teet and {Lam}, Michael T. and {Lane}, Richard and {Liske}, Jochen and {Lopez-Camara}, Diego and {Mack}, Katherine and {Mangham}, Sam and {Mao}, Qingqing and {Marsh}, David J.~E. and {Mateu}, Cecilia and {Maurin}, Lo{\"\i}c and {McCormac}, James and {Momcheva}, Ivelina and {Monteiro}, Hektor and {Mueller}, Michael and {Munoz}, Roberto and {Naidu}, Rohan and {Nelson}, Nicholas and {Nitschelm}, Christian and {North}, Chris and {Nunez-Iglesias}, Juan and {Ogaz}, Sara and {Owen}, Russell and {Parejko}, John and {Patr{\'\i}cio}, Vera and {Pepper}, Joshua and {Perrin}, Marshall and {Pickering}, Timothy and {Piscionere}, Jennifer and {Pogge}, Richard and {Poleski}, Radek and {Pourtsidou}, Alkistis and {Price-Whelan}, Adrian M. and {Rawls}, Meredith L. and {Read}, Shaun and {Rees}, Glen and {Rein}, Hanno and {Rice}, Thomas and {Riemer-S{\o}rensen}, Signe and {Rusomarov}, Naum and {Sanchez}, Sebastian F. and {Santand er-Garc{\'\i}a}, Miguel and {Sarid}, Gal and {Schoenell}, William and {Scholz}, Aleks and {Schuhmann}, Robert L. and {Schuster}, William and {Scicluna}, Peter and {Seidel}, Marja and {Shao}, Lijing and {Sharma}, Pranav and {Shulevski}, Aleksandar and {Shupe}, David and {Sif{\'o}n}, Crist{\'o}bal and {Simmons}, Brooke and {Sinha}, Manodeep and {Skillen}, Ian and {Soergel}, Bjoern and {Spriggs}, Thomas and {Srinivasan}, Sundar and {Stevens}, Abigail and {Streicher}, Ole and {Suchyta}, Eric and {Tan}, Joshua and {Telford}, O. Grace and {Thomas}, Romain and {Tonini}, Chiara and {Tremblay}, Grant and {Tuttle}, Sarah and {Urrutia}, Tanya and {Vaughan}, Sam and {Verdugo}, Miguel and {Wagner}, Alexander and {Walawender}, Josh and {Wetzel}, Andrew and {Willett}, Kyle and {Williams}, Peter K.~G. and {Yang}, Guang and {Zhu}, Guangtun and {Zonca}, Andrea},
  year         = 2016,
  month        = oct,
  journal      = {arXiv e-prints},
  pages        = {arXiv:1610.03159},
  keywords     = {Astrophysics - Instrumentation and Methods for Astrophysics, Physics - Physics and Society},
  eid          = {arXiv:1610.03159},
  archiveprefix = {arXiv},
  eprint       = {1610.03159},
  primaryclass = {astro-ph.IM}
}
@article{lemen2012,
  title        = {{The Atmospheric Imaging Assembly (AIA) on the Solar Dynamics Observatory (SDO)}},
  author       = {{Lemen}, James R. and {Title}, Alan M. and {Akin}, David J. and {Boerner}, Paul F. and {Chou}, Catherine and {Drake}, Jerry F. and {Duncan}, Dexter W. and {Edwards}, Christopher G. and {Friedlaender}, Frank M. and {Heyman}, Gary F.},
  year         = 2012,
  month        = jan,
  journal      = {\solphys},
  volume       = 275,
  number       = {1-2},
  pages        = {17--40},
  doi          = {10.1007/s11207-011-9776-8},
  keywords     = {Solar corona, Solar instrumentation, Solar imaging, Extreme ultraviolet}
}
@article{schou12,
  title        = {{Design and Ground Calibration of the Helioseismic and Magnetic Imager (HMI) Instrument on the Solar Dynamics Observatory (SDO)}},
  author       = {{Schou}, J. and {Scherrer}, P.~H. and {Bush}, R.~I. and {Wachter}, R. and {Couvidat}, S. and {Rabello-Soares}, M.~C. and {Bogart}, R.~S. and {Hoeksema}, J.~T. and {Liu}, Y. and {Duvall}, T.~L. and {Akin}, D.~J. and {Allard}, B.~A. and {Miles}, J.~W. and {Rairden}, R. and {Shine}, R.~A. and {Tarbell}, T.~D. and {Title}, A.~M. and {Wolfson}, C.~J. and {Elmore}, D.~F. and {Norton}, A.~A. and {Tomczyk}, S.},
  year         = 2012,
  month        = jan,
  journal      = {\solphys},
  volume       = 275,
  pages        = {229--259},
  doi          = {10.1007/s11207-011-9842-2},
  keywords     = {Solar Dynamics Observatory, Helioseismology, observations, Instrumentation and data management, Magnetic fields, photosphere}
}
@incollection{delaboudiniere1995eit,
  title        = {EIT: extreme-ultraviolet imaging telescope for the SOHO mission},
  author       = {Delaboudiniere, JP and Artzner, GE and Brunaud, J and Gabriel, Alan H and Hochedez, JF and Millier, F and Song, XY and Au, B and Dere, KP and Howard, RA and others},
  year         = 1995,
  booktitle    = {The SOHO Mission},
  publisher    = {Springer},
  pages        = {291--312},
  doi          = {10.1007/978-94-009-0191-9_8}
}
@incollection{brueckner1995large,
  title        = {The large angle spectroscopic coronagraph (LASCO)},
  author       = {Brueckner, GE and Howard, RA and Koomen, MJ and Korendyke, CM and Michels, DJ and Moses, JD and Socker, DG and Dere, KP and Lamy, PL and Llebaria, A and others},
  year         = 1995,
  booktitle    = {The SOHO Mission},
  publisher    = {Springer},
  pages        = {357--402}
}
@article{scherrer1995solar,
  title        = {{The Solar Oscillations Investigation - Michelson Doppler Imager}},
  author       = {{Scherrer}, P.~H. and {Bogart}, R.~S. and {Bush}, R.~I. and {Hoeksema}, J.~T. and {Kosovichev}, A.~G. and {Schou}, J. and {Rosenberg}, W. and {Springer}, L. and {Tarbell}, T.~D. and {Title}, A.},
  year         = 1995,
  month        = dec,
  journal      = {\solphys},
  volume       = 162,
  number       = {1-2},
  pages        = {129--188},
  doi          = {10.1007/BF00733429}
}
@article{howard2008sun,
  title        = {Sun Earth connection coronal and heliospheric investigation (SECCHI)},
  author       = {Howard, RA and Moses, JD and Vourlidas, A and Newmark, JS and Socker, DG and Plunkett, SP and Korendyke, CM and Cook, JW and Hurley, A and Davila, JM and others},
  year         = 2008,
  journal      = {Space Science Reviews},
  publisher    = {Springer},
  volume       = 136,
  number       = {1-4},
  pages        = 67
}
@incollection{golub2008x,
  title        = {The X-ray telescope (XRT) for the Hinode mission},
  author       = {Golub, L and Deluca, E and Austin, G and Bookbinder, J and Caldwell, D and Cheimets, P and Cirtain, J and Cosmo, M and Reid, P and Sette, A and others},
  year         = 2008,
  booktitle    = {The Hinode Mission},
  publisher    = {Springer},
  pages        = {27--50},
  doi          = {10.1007/978-0-387-88739-5_5}
}
@article{de2014interface,
  title        = {The interface region imaging spectrograph (IRIS)},
  author       = {De Pontieu, Bart and Lemen, JR and Kushner, GD and Akin, DJ and Allard, B and Berger, T and Boerner, P and Cheung, M and Chou, C and Drake, JF and others},
  year         = 2014,
  journal      = {Solar Physics},
  publisher    = {Springer},
  volume       = 289,
  number       = 7,
  pages        = {2733--2779}
}
@article{tsuneta1991soft,
  title        = {The soft X-ray telescope for the SOLAR-A mission},
  author       = {Tsuneta, S and Acton, L and Bruner, M and Lemen, J and Brown, W and Caravalho, R and Catura, R and Freeland, S and Jurcevich, B and Morrison, M and others},
  year         = 1991,
  journal      = {Solar Physics},
  publisher    = {Springer},
  volume       = 136,
  number       = 1,
  pages        = {37--67}
}
@article{seaton2013swap,
  title        = {The SWAP EUV imaging telescope part I: instrument overview and pre-flight testing},
  author       = {Seaton, DB and Berghmans, David and Nicula, Bogdan and Halain, J-P and De Groof, Anik and Thibert, Tanguy and Bloomfield, DS and Raftery, CL and Gallagher, PT and Auch{\`e}re, Fr{\'e}d{\'e}ric and others},
  year         = 2013,
  journal      = {Solar Physics},
  publisher    = {Springer},
  volume       = 286,
  number       = 1,
  pages        = {43--65}
}
@article{2006A&A...449..791T,
  title        = {{Coordinate systems for solar image data}},
  author       = {{Thompson}, W.~T.},
  year         = 2006,
  month        = apr,
  journal      = {\aap},
  volume       = 449,
  pages        = {791--803},
  doi          = {10.1051/0004-6361:20054262},
  keywords     = {standards, Sun: general, techniques: image processing, astronomical data bases: miscellaneous, methods: data analysis}
}
@article{2007CeMDA..98..155S,
  title        = {{Report of the IAU/IAG Working Group on cartographic coordinates and rotational elements: 2006}},
  author       = {{Seidelmann}, P. Kenneth and {Archinal}, B.~A. and {A'Hearn}, M.~F. and {Conrad}, A. and {Consolmagno}, G.~J. and {Hestroffer}, D. and {Hilton}, J.~L. and {Krasinsky}, G.~A. and {Neumann}, G. and {Oberst}, J. and {Stooke}, P. and {Tedesco}, E.~F. and {Tholen}, D.~J. and {Thomas}, P.~C. and {Williams}, I.~P.},
  year         = 2007,
  month        = jul,
  journal      = {Celestial Mechanics and Dynamical Astronomy},
  volume       = 98,
  number       = 3,
  pages        = {155--180},
  doi          = {10.1007/s10569-007-9072-y},
  keywords     = {Cartographic coordinates, Rotation axes, Rotation periods, Sizes, Shapes, Planets, Satellites, Minor planets, Comets}
}
@misc{david_stansby_2019_3237053,
  title        = {dstansby/pfsspy: pfsspy 0.2.1},
  author       = {David Stansby},
  year         = 2019,
  month        = jun,
  doi          = {10.5281/zenodo.3237053},
  url          = {https://doi.org/10.5281/zenodo.3237053}
}
@article{ginsburg_astroquery_2019,
  title        = {Astroquery: {{An Astronomical Web}}-Querying {{Package}} in {{Python}}},
  shorttitle   = {Astroquery},
  author       = {Ginsburg, Adam and Sip{\H o}cz, Brigitta M. and Brasseur, C. E. and Cowperthwaite, Philip S. and Craig, Matthew W. and Deil, Christoph and Guillochon, James and Guzman, Giannina and Liedtke, Simon and Lian Lim, Pey and Lockhart, Kelly E. and Mommert, Michael and Morris, Brett M. and Norman, Henrik and Parikh, Madhura and Persson, Magnus V. and Robitaille, Thomas P. and Segovia, Juan-Carlos and Singer, Leo P. and Tollerud, Erik J. and {de Val-Borro}, Miguel and Valtchanov, Ivan and Woillez, Julien and {Astroquery Collaboration} and {a subset of the astropy Collaboration}},
  year         = 2019,
  month        = mar,
  journal      = {The Astronomical Journal},
  volume       = 157,
  pages        = 98,
  doi          = {10.3847/1538-3881/aafc33},
  issn         = {0004-6256}
}
@article{handy99,
  title        = {{The transition region and coronal explorer}},
  author       = {{Handy}, B.~N. and {Acton}, L.~W. and {Kankelborg}, C.~C. and {Wolfson}, C.~J. and {Akin}, D.~J. and {Bruner}, M.~E. and {Caravalho}, R. and {Catura}, R.~C. and {Chevalier}, R. and {Duncan}, D.~W.},
  year         = 1999,
  month        = jul,
  journal      = {\solphys},
  volume       = 187,
  number       = 2,
  pages        = {229--260},
  doi          = {10.1023/A:1005166902804}
}
@article{garcia94,
  title        = {{Temperature and emission measure from GOES soft X-ray measurements}},
  author       = {{Garcia}, H.~A.},
  year         = 1994,
  month        = oct,
  journal      = {\solphys},
  volume       = 154,
  pages        = {275--308},
  doi          = {10.1007/BF00681100},
  keywords     = {Data Processing, Emission Spectra, Error Analysis, Solar Spectra, Solar Temperature, Solar X-Rays, Stellar Models, X Ray Astronomy, X Ray Spectra, Astronomical Spectroscopy, Calibrating, Data Reduction, Goes Satellites, Instrument Errors, Mathematical Models, Synchronous Meteorological Satellite, X Ray Spectroscopy}
}
@article{hanser96,
  title        = {Design and calibration of the GOES-8 solar x-ray sensor: the XRS},
  author       = {Hanser, Frederick A. and Sellers, Francis B.},
  year         = 1996,
  journal      = {Proc. SPIE},
  volume       = 2812,
  pages        = {344--352},
  doi          = {10.1117/12.254082},
}
@inproceedings{dewijn12,
  title        = {{Stray light and polarimetry considerations for the COSMO K-Coronagraph}},
  author       = {{de Wijn}, Alfred G. and {Burkepile}, Joan T. and {Tomczyk}, Steven and {Nelson}, Peter G. and {Huang}, Pei and {Gallagher}, Dennis},
  year         = 2012,
  month        = sep,
  booktitle    = {\procspie},
  series       = {Society of Photo-Optical Instrumentation Engineers (SPIE) Conference Series},
  volume       = 8444,
  pages        = {84443N},
  doi          = {10.1117/12.926511},
  keywords     = {Astrophysics - Instrumentation and Methods for Astrophysics},
  eid          = {84443N},
  archiveprefix = {arXiv},
  eprint       = {1207.0978},
  primaryclass = {astro-ph.IM}
}
@inproceedings{rocklin15,
  title        = {Dask: {{Parallel Computation}} with {{Blocked}} Algorithms and {{Task Scheduling}}},
  author       = {Rocklin, Matthew},
  year         = 2015,
  booktitle    = {Proceedings of the 14th {{Python}} in {{Science Conference}}},
  pages        = {126--132},
  doi          = {10.25080/Majora-7b98e3ed-013},
  editor       = {Huff, Kathryn and Bergstra, James}
}
@article{pedregosa11,
  title        = {Scikit-learn: Machine Learning in {P}ython},
  author       = {Pedregosa, F. and Varoquaux, G. and Gramfort, A. and Michel, V. and Thirion, B. and Grisel, O. and Blondel, M. and Prettenhofer, P. and Weiss, R. and Dubourg, V. and Vanderplas, J. and Passos, A. and Cournapeau, D. and Brucher, M. and Perrot, M. and Duchesnay, E.},
  year         = 2011,
  journal      = {Journal of Machine Learning Research},
  volume       = 12,
  pages        = {2825--2830}
}
@article{ligo_scientific_collaboration_and_virgo_collaboration_observation_2016,
  title        = {Observation of {{Gravitational Waves}} from a {{Binary Black Hole Merger}}},
  author       = {{LIGO Scientific Collaboration and Virgo Collaboration} and Abbott, B. P. and Abbott, R. and Abbott, T. D. and Abernathy, M. R. and Acernese, F. and Ackley, K. and Adams, C. and Adams, T. and Addesso, P. and Adhikari, R. X. and Adya, V. B. and Affeldt, C. and Agathos, M. and Agatsuma, K. and Aggarwal, N. and Aguiar, O. D. and Aiello, L. and Ain, A. and Ajith, P. and Allen, B. and Allocca, A. and Altin, P. A. and Anderson, S. B. and Anderson, W. G. and Arai, K. and Arain, M. A. and Araya, M. C. and Arceneaux, C. C. and Areeda, J. S. and Arnaud, N. and Arun, K. G. and Ascenzi, S. and Ashton, G. and Ast, M. and Aston, S. M. and Astone, P. and Aufmuth, P. and Aulbert, C. and Babak, S. and Bacon, P. and Bader, M. K. M. and Baker, P. T. and Baldaccini, F. and Ballardin, G. and Ballmer, S. W. and Barayoga, J. C. and Barclay, S. E. and Barish, B. C. and Barker, D. and Barone, F. and Barr, B. and Barsotti, L. and Barsuglia, M. and Barta, D. and Bartlett, J. and Barton, M. A. and Bartos, I. and Bassiri, R. and Basti, A. and Batch, J. C. and Baune, C. and Bavigadda, V. and Bazzan, M. and Behnke, B. and Bejger, M. and Belczynski, C. and Bell, A. S. and Bell, C. J. and Berger, B. K. and Bergman, J. and Bergmann, G. and Berry, C. P. L. and Bersanetti, D. and Bertolini, A. and Betzwieser, J. and Bhagwat, S. and Bhandare, R. and Bilenko, I. A. and Billingsley, G. and Birch, J. and Birney, R. and Birnholtz, O. and Biscans, S. and Bisht, A. and Bitossi, M. and Biwer, C. and Bizouard, M. A. and Blackburn, J. K. and Blair, C. D. and Blair, D. G. and Blair, R. M. and Bloemen, S. and Bock, O. and Bodiya, T. P. and Boer, M. and Bogaert, G. and Bogan, C. and Bohe, A. and Bojtos, P. and Bond, C. and Bondu, F. and Bonnand, R. and Boom, B. A. and Bork, R. and Boschi, V. and Bose, S. and Bouffanais, Y. and Bozzi, A. and Bradaschia, C. and Brady, P. R. and Braginsky, V. B. and Branchesi, M. and Brau, J. E. and Briant, T. and Brillet, A. and Brinkmann, M. and Brisson, V. and Brockill, P. and Brooks, A. F. and Brown, D. A. and Brown, D. D. and Brown, N. M. and Buchanan, C. C. and Buikema, A. and Bulik, T. and Bulten, H. J. and Buonanno, A. and Buskulic, D. and Buy, C. and Byer, R. L. and Cabero, M. and Cadonati, L. and Cagnoli, G. and Cahillane, C. and Bustillo, J. Calder{\'o}n and Callister, T. and Calloni, E. and Camp, J. B. and Cannon, K. C. and Cao, J. and Capano, C. D. and Capocasa, E. and Carbognani, F. and Caride, S. and Diaz, J. Casanueva and Casentini, C. and Caudill, S. and Cavagli{\`a}, M. and Cavalier, F. and Cavalieri, R. and Cella, G. and Cepeda, C. B. and Baiardi, L. Cerboni and Cerretani, G. and Cesarini, E. and Chakraborty, R. and Chalermsongsak, T. and Chamberlin, S. J. and Chan, M. and Chao, S. and Charlton, P. and {Chassande-Mottin}, E. and Chen, H. Y. and Chen, Y. and Cheng, C. and Chincarini, A. and Chiummo, A. and Cho, H. S. and Cho, M. and Chow, J. H. and Christensen, N. and Chu, Q. and Chua, S. and Chung, S. and Ciani, G. and Clara, F. and Clark, J. A. and Cleva, F. and Coccia, E. and Cohadon, P.-F. and Colla, A. and Collette, C. G. and Cominsky, L. and Constancio, M. and Conte, A. and Conti, L. and Cook, D. and Corbitt, T. R. and Cornish, N. and Corsi, A. and Cortese, S. and Costa, C. A. and Coughlin, M. W. and Coughlin, S. B. and Coulon, J.-P. and Countryman, S. T. and Couvares, P. and Cowan, E. E. and Coward, D. M. and Cowart, M. J. and Coyne, D. C. and Coyne, R. and Craig, K. and Creighton, J. D. E. and Creighton, T. D. and Cripe, J. and Crowder, S. G. and Cruise, A. M. and Cumming, A. and Cunningham, L. and Cuoco, E. and Canton, T. Dal and Danilishin, S. L. and D'Antonio, S. and Danzmann, K. and Darman, N. S. and Da Silva Costa, C. F. and Dattilo, V. and Dave, I. and Daveloza, H. P. and Davier, M. and Davies, G. S. and Daw, E. J. and Day, R. and De, S. and DeBra, D. and Debreczeni, G. and Degallaix, J. and De Laurentis, M. and Del{\'e}glise, S. and Del Pozzo, W. and Denker, T. and Dent, T. and Dereli, H. and Dergachev, V. and DeRosa, R. T. and De Rosa, R. and DeSalvo, R. and Dhurandhar, S. and D{\'i}az, M. C. and Di Fiore, L. and Di Giovanni, M. and Di Lieto, A. and Di Pace, S. and Di Palma, I. and Di Virgilio, A. and Dojcinoski, G. and Dolique, V. and Donovan, F. and Dooley, K. L. and Doravari, S. and Douglas, R. and Downes, T. P. and Drago, M. and Drever, R. W. P. and Driggers, J. C. and Du, Z. and Ducrot, M. and Dwyer, S. E. and Edo, T. B. and Edwards, M. C. and Effler, A. and Eggenstein, H.-B. and Ehrens, P. and Eichholz, J. and Eikenberry, S. S. and Engels, W. and Essick, R. C. and Etzel, T. and Evans, M. and Evans, T. M. and Everett, R. and Factourovich, M. and Fafone, V. and Fair, H. and Fairhurst, S. and Fan, X. and Fang, Q. and Farinon, S. and Farr, B. and Farr, W. M. and Favata, M. and Fays, M. and Fehrmann, H. and Fejer, M. M. and Feldbaum, D. and Ferrante, I. and Ferreira, E. C. and Ferrini, F. and Fidecaro, F. and Finn, L. S. and Fiori, I. and Fiorucci, D. and Fisher, R. P. and Flaminio, R. and Fletcher, M. and Fong, H. and Fournier, J.-D. and Franco, S. and Frasca, S. and Frasconi, F. and Frede, M. and Frei, Z. and Freise, A. and Frey, R. and Frey, V. and Fricke, T. T. and Fritschel, P. and Frolov, V. V. and Fulda, P. and Fyffe, M. and Gabbard, H. A. G. and Gair, J. R. and Gammaitoni, L. and Gaonkar, S. G. and Garufi, F. and Gatto, A. and Gaur, G. and Gehrels, N. and Gemme, G. and Gendre, B. and Genin, E. and Gennai, A. and George, J. and Gergely, L. and Germain, V. and Ghosh, Abhirup and Ghosh, Archisman and Ghosh, S. and Giaime, J. A. and Giardina, K. D. and Giazotto, A. and Gill, K. and Glaefke, A. and Gleason, J. R. and Goetz, E. and Goetz, R. and Gondan, L. and Gonz{\'a}lez, G. and Castro, J. M. Gonzalez and Gopakumar, A. and Gordon, N. A. and Gorodetsky, M. L. and Gossan, S. E. and Gosselin, M. and Gouaty, R. and Graef, C. and Graff, P. B. and Granata, M. and Grant, A. and Gras, S. and Gray, C. and Greco, G. and Green, A. C. and Greenhalgh, R. J. S. and Groot, P. and Grote, H. and Grunewald, S. and Guidi, G. M. and Guo, X. and Gupta, A. and Gupta, M. K. and Gushwa, K. E. and Gustafson, E. K. and Gustafson, R. and Hacker, J. J. and Hall, B. R. and Hall, E. D. and Hammond, G. and Haney, M. and Hanke, M. M. and Hanks, J. and Hanna, C. and Hannam, M. D. and Hanson, J. and Hardwick, T. and Harms, J. and Harry, G. M. and Harry, I. W. and Hart, M. J. and Hartman, M. T. and Haster, C.-J. and Haughian, K. and Healy, J. and Heefner, J. and Heidmann, A. and Heintze, M. C. and Heinzel, G. and Heitmann, H. and Hello, P. and Hemming, G. and Hendry, M. and Heng, I. S. and Hennig, J. and Heptonstall, A. W. and Heurs, M. and Hild, S. and Hoak, D. and Hodge, K. A. and Hofman, D. and Hollitt, S. E. and Holt, K. and Holz, D. E. and Hopkins, P. and Hosken, D. J. and Hough, J. and Houston, E. A. and Howell, E. J. and Hu, Y. M. and Huang, S. and Huerta, E. A. and Huet, D. and Hughey, B. and Husa, S. and Huttner, S. H. and {Huynh-Dinh}, T. and Idrisy, A. and Indik, N. and Ingram, D. R. and Inta, R. and Isa, H. N. and Isac, J.-M. and Isi, M. and Islas, G. and Isogai, T. and Iyer, B. R. and Izumi, K. and Jacobson, M. B. and Jacqmin, T. and Jang, H. and Jani, K. and Jaranowski, P. and Jawahar, S. and {Jim{\'e}nez-Forteza}, F. and Johnson, W. W. and {Johnson-McDaniel}, N. K. and Jones, D. I. and Jones, R. and Jonker, R. J. G. and Ju, L. and Haris, K. and Kalaghatgi, C. V. and Kalogera, V. and Kandhasamy, S. and Kang, G. and Kanner, J. B. and Karki, S. and Kasprzack, M. and Katsavounidis, E. and Katzman, W. and Kaufer, S. and Kaur, T. and Kawabe, K. and Kawazoe, F. and K{\'e}f{\'e}lian, F. and Kehl, M. S. and Keitel, D. and Kelley, D. B. and Kells, W. and Kennedy, R. and Keppel, D. G. and Key, J. S. and Khalaidovski, A. and Khalili, F. Y. and Khan, I. and Khan, S. and Khan, Z. and Khazanov, E. A. and Kijbunchoo, N. and Kim, C. and Kim, J. and Kim, K. and Kim, Nam-Gyu and Kim, Namjun and Kim, Y.-M. and King, E. J. and King, P. J. and Kinzel, D. L. and Kissel, J. S. and Kleybolte, L. and Klimenko, S. and Koehlenbeck, S. M. and Kokeyama, K. and Koley, S. and Kondrashov, V. and Kontos, A. and Koranda, S. and Korobko, M. and Korth, W. Z. and Kowalska, I. and Kozak, D. B. and Kringel, V. and Krishnan, B. and Kr{\'o}lak, A. and Krueger, C. and Kuehn, G. and Kumar, P. and Kumar, R. and Kuo, L. and Kutynia, A. and Kwee, P. and Lackey, B. D. and Landry, M. and Lange, J. and Lantz, B. and Lasky, P. D. and Lazzarini, A. and Lazzaro, C. and Leaci, P. and Leavey, S. and Lebigot, E. O. and Lee, C. H. and Lee, H. K. and Lee, H. M. and Lee, K. and Lenon, A. and Leonardi, M. and Leong, J. R. and Leroy, N. and Letendre, N. and Levin, Y. and Levine, B. M. and Li, T. G. F. and Libson, A. and Littenberg, T. B. and Lockerbie, N. A. and Logue, J. and Lombardi, A. L. and London, L. T. and Lord, J. E. and Lorenzini, M. and Loriette, V. and Lormand, M. and Losurdo, G. and Lough, J. D. and Lousto, C. O. and Lovelace, G. and L{\"u}ck, H. and Lundgren, A. P. and Luo, J. and Lynch, R. and Ma, Y. and MacDonald, T. and Machenschalk, B. and MacInnis, M. and Macleod, D. M. and {Maga{\~n}a-Sandoval}, F. and Magee, R. M. and Mageswaran, M. and Majorana, E. and Maksimovic, I. and Malvezzi, V. and Man, N. and Mandel, I. and Mandic, V. and Mangano, V. and Mansell, G. L. and Manske, M. and Mantovani, M. and Marchesoni, F. and Marion, F. and M{\'a}rka, S. and M{\'a}rka, Z. and Markosyan, A. S. and Maros, E. and Martelli, F. and Martellini, L. and Martin, I. W. and Martin, R. M. and Martynov, D. V. and Marx, J. N. and Mason, K. and Masserot, A. and Massinger, T. J. and {Masso-Reid}, M. and Matichard, F. and Matone, L. and Mavalvala, N. and Mazumder, N. and Mazzolo, G. and McCarthy, R. and McClelland, D. E. and McCormick, S. and McGuire, S. C. and McIntyre, G. and McIver, J. and McManus, D. J. and McWilliams, S. T. and Meacher, D. and Meadors, G. D. and Meidam, J. and Melatos, A. and Mendell, G. and {Mendoza-Gandara}, D. and Mercer, R. A. and Merilh, E. and Merzougui, M. and Meshkov, S. and Messenger, C. and Messick, C. and Meyers, P. M. and Mezzani, F. and Miao, H. and Michel, C. and Middleton, H. and Mikhailov, E. E. and Milano, L. and Miller, J. and Millhouse, M. and Minenkov, Y. and Ming, J. and Mirshekari, S. and Mishra, C. and Mitra, S. and Mitrofanov, V. P. and Mitselmakher, G. and Mittleman, R. and Moggi, A. and Mohan, M. and Mohapatra, S. R. P. and Montani, M. and Moore, B. C. and Moore, C. J. and Moraru, D. and Moreno, G. and Morriss, S. R. and Mossavi, K. and Mours, B. and {Mow-Lowry}, C. M. and Mueller, C. L. and Mueller, G. and Muir, A. W. and Mukherjee, Arunava and Mukherjee, D. and Mukherjee, S. and Mukund, N. and Mullavey, A. and Munch, J. and Murphy, D. J. and Murray, P. G. and Mytidis, A. and Nardecchia, I. and Naticchioni, L. and Nayak, R. K. and Necula, V. and Nedkova, K. and Nelemans, G. and Neri, M. and Neunzert, A. and Newton, G. and Nguyen, T. T. and Nielsen, A. B. and Nissanke, S. and Nitz, A. and Nocera, F. and Nolting, D. and Normandin, M. E. N. and Nuttall, L. K. and Oberling, J. and Ochsner, E. and O'Dell, J. and Oelker, E. and Ogin, G. H. and Oh, J. J. and Oh, S. H. and Ohme, F. and Oliver, M. and Oppermann, P. and Oram, Richard J. and O'Reilly, B. and O'Shaughnessy, R. and Ott, C. D. and Ottaway, D. J. and Ottens, R. S. and Overmier, H. and Owen, B. J. and Pai, A. and Pai, S. A. and Palamos, J. R. and Palashov, O. and Palomba, C. and {Pal-Singh}, A. and Pan, H. and Pan, Y. and Pankow, C. and Pannarale, F. and Pant, B. C. and Paoletti, F. and Paoli, A. and Papa, M. A. and Paris, H. R. and Parker, W. and Pascucci, D. and Pasqualetti, A. and Passaquieti, R. and Passuello, D. and Patricelli, B. and Patrick, Z. and Pearlstone, B. L. and Pedraza, M. and Pedurand, R. and Pekowsky, L. and Pele, A. and Penn, S. and Perreca, A. and Pfeiffer, H. P. and Phelps, M. and Piccinni, O. and Pichot, M. and Pickenpack, M. and Piergiovanni, F. and Pierro, V. and Pillant, G. and Pinard, L. and Pinto, I. M. and Pitkin, M. and Poeld, J. H. and Poggiani, R. and Popolizio, P. and Post, A. and Powell, J. and Prasad, J. and Predoi, V. and Premachandra, S. S. and Prestegard, T. and Price, L. R. and Prijatelj, M. and Principe, M. and Privitera, S. and Prix, R. and Prodi, G. A. and Prokhorov, L. and Puncken, O. and Punturo, M. and Puppo, P. and P{\"u}rrer, M. and Qi, H. and Qin, J. and Quetschke, V. and Quintero, E. A. and {Quitzow-James}, R. and Raab, F. J. and Rabeling, D. S. and Radkins, H. and Raffai, P. and Raja, S. and Rakhmanov, M. and Ramet, C. R. and Rapagnani, P. and Raymond, V. and Razzano, M. and Re, V. and Read, J. and Reed, C. M. and Regimbau, T. and Rei, L. and Reid, S. and Reitze, D. H. and Rew, H. and Reyes, S. D. and Ricci, F. and Riles, K. and Robertson, N. A. and Robie, R. and Robinet, F. and Rocchi, A. and Rolland, L. and Rollins, J. G. and Roma, V. J. and Romano, J. D. and Romano, R. and Romanov, G. and Romie, J. H. and Rosi{\'n}ska, D. and Rowan, S. and R{\"u}diger, A. and Ruggi, P. and Ryan, K. and Sachdev, S. and Sadecki, T. and Sadeghian, L. and Salconi, L. and Saleem, M. and Salemi, F. and Samajdar, A. and Sammut, L. and Sampson, L. M. and Sanchez, E. J. and Sandberg, V. and Sandeen, B. and Sanders, G. H. and Sanders, J. R. and Sassolas, B. and Sathyaprakash, B. S. and Saulson, P. R. and Sauter, O. and Savage, R. L. and Sawadsky, A. and Schale, P. and Schilling, R. and Schmidt, J. and Schmidt, P. and Schnabel, R. and Schofield, R. M. S. and Sch{\"o}nbeck, A. and Schreiber, E. and Schuette, D. and Schutz, B. F. and Scott, J. and Scott, S. M. and Sellers, D. and Sengupta, A. S. and Sentenac, D. and Sequino, V. and Sergeev, A. and Serna, G. and Setyawati, Y. and Sevigny, A. and Shaddock, D. A. and Shaffer, T. and Shah, S. and Shahriar, M. S. and Shaltev, M. and Shao, Z. and Shapiro, B. and Shawhan, P. and Sheperd, A. and Shoemaker, D. H. and Shoemaker, D. M. and Siellez, K. and Siemens, X. and Sigg, D. and Silva, A. D. and Simakov, D. and Singer, A. and Singer, L. P. and Singh, A. and Singh, R. and Singhal, A. and Sintes, A. M. and Slagmolen, B. J. J. and Smith, J. R. and Smith, M. R. and Smith, N. D. and Smith, R. J. E. and Son, E. J. and Sorazu, B. and Sorrentino, F. and Souradeep, T. and Srivastava, A. K. and Staley, A. and Steinke, M. and Steinlechner, J. and Steinlechner, S. and Steinmeyer, D. and Stephens, B. C. and Stevenson, S. P. and Stone, R. and Strain, K. A. and Straniero, N. and Stratta, G. and Strauss, N. A. and Strigin, S. and Sturani, R. and Stuver, A. L. and Summerscales, T. Z. and Sun, L. and Sutton, P. J. and Swinkels, B. L. and Szczepa{\'n}czyk, M. J. and Tacca, M. and Talukder, D. and Tanner, D. B. and T{\'a}pai, M. and Tarabrin, S. P. and Taracchini, A. and Taylor, R. and Theeg, T. and Thirugnanasambandam, M. P. and Thomas, E. G. and Thomas, M. and Thomas, P. and Thorne, K. A. and Thorne, K. S. and Thrane, E. and Tiwari, S. and Tiwari, V. and Tokmakov, K. V. and Tomlinson, C. and Tonelli, M. and Torres, C. V. and Torrie, C. I. and T{\"o}yr{\"a}, D. and Travasso, F. and Traylor, G. and Trifir{\`o}, D. and Tringali, M. C. and Trozzo, L. and Tse, M. and Turconi, M. and Tuyenbayev, D. and Ugolini, D. and Unnikrishnan, C. S. and Urban, A. L. and Usman, S. A. and Vahlbruch, H. and Vajente, G. and Valdes, G. and Vallisneri, M. and {van Bakel}, N. and {van Beuzekom}, M. and {van den Brand}, J. F. J. and Van Den Broeck, C. and {Vander-Hyde}, D. C. and {van der Schaaf}, L. and {van Heijningen}, J. V. and {van Veggel}, A. A. and Vardaro, M. and Vass, S. and Vas{\'u}th, M. and Vaulin, R. and Vecchio, A. and Vedovato, G. and Veitch, J. and Veitch, P. J. and Venkateswara, K. and Verkindt, D. and Vetrano, F. and Vicer{\'e}, A. and Vinciguerra, S. and Vine, D. J. and Vinet, J.-Y. and Vitale, S. and Vo, T. and Vocca, H. and Vorvick, C. and Voss, D. and Vousden, W. D. and Vyatchanin, S. P. and Wade, A. R. and Wade, L. E. and Wade, M. and Waldman, S. J. and Walker, M. and Wallace, L. and Walsh, S. and Wang, G. and Wang, H. and Wang, M. and Wang, X. and Wang, Y. and Ward, H. and Ward, R. L. and Warner, J. and Was, M. and Weaver, B. and Wei, L.-W. and Weinert, M. and Weinstein, A. J. and Weiss, R. and Welborn, T. and Wen, L. and We{\ss}els, P. and Westphal, T. and Wette, K. and Whelan, J. T. and Whitcomb, S. E. and White, D. J. and Whiting, B. F. and Wiesner, K. and Wilkinson, C. and Willems, P. A. and Williams, L. and Williams, R. D. and Williamson, A. R. and Willis, J. L. and Willke, B. and Wimmer, M. H. and Winkelmann, L. and Winkler, W. and Wipf, C. C. and Wiseman, A. G. and Wittel, H. and Woan, G. and Worden, J. and Wright, J. L. and Wu, G. and Yablon, J. and Yakushin, I. and Yam, W. and Yamamoto, H. and Yancey, C. C. and Yap, M. J. and Yu, H. and Yvert, M. and Zadro{\.z}ny, A. and Zangrando, L. and Zanolin, M. and Zendri, J.-P. and Zevin, M. and Zhang, F. and Zhang, L. and Zhang, M. and Zhang, Y. and Zhao, C. and Zhou, M. and Zhou, Z. and Zhu, X. J. and Zucker, M. E. and Zuraw, S. E. and Zweizig, J.},
  year         = 2016,
  month        = feb,
  journal      = {Physical Review Letters},
  volume       = 116,
  number       = 6,
  pages        = 61102,
  doi          = {10.1103/PhysRevLett.116.061102}
}
@article{collaboration_first_2019,
  title        = {First {{M87 Event Horizon Telescope Results}}. {{I}}. {{The Shadow}} of the {{Supermassive Black Hole}}},
  author       = {{The Event Horizon Telescope Collaboration} and Akiyama, Kazunori and Alberdi, Antxon and Alef, Walter and Asada, Keiichi and Azulay, Rebecca and Baczko, Anne-Kathrin and Ball, David and Balokovi{\'c}, Mislav and Barrett, John and Bintley, Dan and Blackburn, Lindy and Boland, Wilfred and Bouman, Katherine L. and Bower, Geoffrey C. and Bremer, Michael and Brinkerink, Christiaan D. and Brissenden, Roger and Britzen, Silke and Broderick, Avery E. and Broguiere, Dominique and Bronzwaer, Thomas and Byun, Do-Young and Carlstrom, John E. and Chael, Andrew and Chan, Chi-kwan and Chatterjee, Shami and Chatterjee, Koushik and Chen, Ming-Tang and Chen, Yongjun and Cho, Ilje and Christian, Pierre and Conway, John E. and Cordes, James M. and Crew, Geoffrey B. and Cui, Yuzhu and Davelaar, Jordy and Laurentis, Mariafelicia De and Deane, Roger and Dempsey, Jessica and Desvignes, Gregory and Dexter, Jason and Doeleman, Sheperd S. and Eatough, Ralph P. and Falcke, Heino and Fish, Vincent L. and Fomalont, Ed and {Fraga-Encinas}, Raquel and Freeman, William T. and Friberg, Per and Fromm, Christian M. and G{\'o}mez, Jos{\'e} L. and Galison, Peter and Gammie, Charles F. and Garc{\'i}a, Roberto and Gentaz, Olivier and Georgiev, Boris and Goddi, Ciriaco and Gold, Roman and Gu, Minfeng and Gurwell, Mark and Hada, Kazuhiro and Hecht, Michael H. and Hesper, Ronald and Ho, Luis C. and Ho, Paul and Honma, Mareki and Huang, Chih-Wei L. and Huang, Lei and Hughes, David H. and Ikeda, Shiro and Inoue, Makoto and Issaoun, Sara and James, David J. and Jannuzi, Buell T. and Janssen, Michael and Jeter, Britton and Jiang, Wu and Johnson, Michael D. and Jorstad, Svetlana and Jung, Taehyun and Karami, Mansour and Karuppusamy, Ramesh and Kawashima, Tomohisa and Keating, Garrett K. and Kettenis, Mark and Kim, Jae-Young and Kim, Junhan and Kim, Jongsoo and Kino, Motoki and Koay, Jun Yi and Koch, Patrick M. and Koyama, Shoko and Kramer, Michael and Kramer, Carsten and Krichbaum, Thomas P. and Kuo, Cheng-Yu and Lauer, Tod R. and Lee, Sang-Sung and Li, Yan-Rong and Li, Zhiyuan and Lindqvist, Michael and Liu, Kuo and Liuzzo, Elisabetta and Lo, Wen-Ping and Lobanov, Andrei P. and Loinard, Laurent and Lonsdale, Colin and Lu, Ru-Sen and MacDonald, Nicholas R. and Mao, Jirong and Markoff, Sera and Marrone, Daniel P. and Marscher, Alan P. and {Mart{\'i}-Vidal}, Iv{\'a}n and Matsushita, Satoki and Matthews, Lynn D. and Medeiros, Lia and Menten, Karl M. and Mizuno, Yosuke and Mizuno, Izumi and Moran, James M. and Moriyama, Kotaro and Moscibrodzka, Monika and M{\"u}ller, Cornelia and Nagai, Hiroshi and Nagar, Neil M. and Nakamura, Masanori and Narayan, Ramesh and Narayanan, Gopal and Natarajan, Iniyan and Neri, Roberto and Ni, Chunchong and Noutsos, Aristeidis and Okino, Hiroki and Olivares, H{\'e}ctor and {Ortiz-Le{\'o}n}, Gisela N. and Oyama, Tomoaki and {\"O}zel, Feryal and Palumbo, Daniel C. M. and Patel, Nimesh and Pen, Ue-Li and Pesce, Dominic W. and Pi{\'e}tu, Vincent and Plambeck, Richard and PopStefanija, Aleksandar and Porth, Oliver and Prather, Ben and {Preciado-L{\'o}pez}, Jorge A. and Psaltis, Dimitrios and Pu, Hung-Yi and Ramakrishnan, Venkatessh and Rao, Ramprasad and Rawlings, Mark G. and Raymond, Alexander W. and Rezzolla, Luciano and Ripperda, Bart and Roelofs, Freek and Rogers, Alan and Ros, Eduardo and Rose, Mel and Roshanineshat, Arash and Rottmann, Helge and Roy, Alan L. and Ruszczyk, Chet and Ryan, Benjamin R. and Rygl, Kazi L. J. and S{\'a}nchez, Salvador and {S{\'a}nchez-Arguelles}, David and Sasada, Mahito and Savolainen, Tuomas and Schloerb, F. Peter and Schuster, Karl-Friedrich and Shao, Lijing and Shen, Zhiqiang and Small, Des and Sohn, Bong Won and SooHoo, Jason and Tazaki, Fumie and Tiede, Paul and Tilanus, Remo P. J. and Titus, Michael and Toma, Kenji and Torne, Pablo and Trent, Tyler and Trippe, Sascha and Tsuda, Shuichiro and van Bemmel, Ilse and van Langevelde, Huib Jan and van Rossum, Daniel R. and Wagner, Jan and Wardle, John and Weintroub, Jonathan and Wex, Norbert and Wharton, Robert and Wielgus, Maciek and Wong, George N. and Wu, Qingwen and Young, Ken and Young, Andr{\'e} and Younsi, Ziri and Yuan, Feng and Yuan, Ye-Fei and Zensus, J. Anton and Zhao, Guangyao and Zhao, Shan-Shan and Zhu, Ziyan and Algaba, Juan-Carlos and Allardi, Alexander and Amestica, Rodrigo and Anczarski, Jadyn and Bach, Uwe and Baganoff, Frederick K. and Beaudoin, Christopher and Benson, Bradford A. and Berthold, Ryan and Blanchard, Jay M. and Blundell, Ray and Bustamente, Sandra and Cappallo, Roger and {Castillo-Dom{\'i}nguez}, Edgar and Chang, Chih-Cheng and Chang, Shu-Hao and Chang, Song-Chu and Chen, Chung-Chen and Chilson, Ryan and Chuter, Tim C. and Rosado, Rodrigo C{\'o}rdova and Coulson, Iain M. and Crawford, Thomas M. and Crowley, Joseph and David, John and Derome, Mark and Dexter, Matthew and Dornbusch, Sven and Dudevoir, Kevin A. and Dzib, Sergio A. and Eckart, Andreas and Eckert, Chris and Erickson, Neal R. and Everett, Wendeline B. and Faber, Aaron and Farah, Joseph R. and Fath, Vernon and Folkers, Thomas W. and Forbes, David C. and Freund, Robert and {G{\'o}mez-Ruiz}, Arturo I. and Gale, David M. and Gao, Feng and Geertsema, Gertie and Graham, David A. and Greer, Christopher H. and Grosslein, Ronald and Gueth, Fr{\'e}d{\'e}ric and Haggard, Daryl and Halverson, Nils W. and Han, Chih-Chiang and Han, Kuo-Chang and Hao, Jinchi and Hasegawa, Yutaka and Henning, Jason W. and {Hern{\'a}ndez-G{\'o}mez}, Antonio and {Herrero-Illana}, Rub{\'e}n and Heyminck, Stefan and Hirota, Akihiko and Hoge, James and Huang, Yau-De and Impellizzeri, C. M. Violette and Jiang, Homin and Kamble, Atish and Keisler, Ryan and Kimura, Kimihiro and Kono, Yusuke and Kubo, Derek and Kuroda, John and Lacasse, Richard and Laing, Robert A. and Leitch, Erik M. and Li, Chao-Te and Lin, Lupin C.-C. and Liu, Ching-Tang and Liu, Kuan-Yu and Lu, Li-Ming and Marson, Ralph G. and {Martin-Cocher}, Pierre L. and Massingill, Kyle D. and Matulonis, Callie and McColl, Martin P. and McWhirter, Stephen R. and Messias, Hugo and {Meyer-Zhao}, Zheng and Michalik, Daniel and Monta{\~n}a, Alfredo and Montgomerie, William and {Mora-Klein}, Matias and Muders, Dirk and Nadolski, Andrew and Navarro, Santiago and Neilsen, Joseph and Nguyen, Chi H. and Nishioka, Hiroaki and Norton, Timothy and Nowak, Michael A. and Nystrom, George and Ogawa, Hideo and Oshiro, Peter and Oyama, Tomoaki and Parsons, Harriet and Paine, Scott N. and Pe{\~n}alver, Juan and Phillips, Neil M. and Poirier, Michael and Pradel, Nicolas and Primiani, Rurik A. and Raffin, Philippe A. and Rahlin, Alexandra S. and Reiland, George and Risacher, Christopher and Ruiz, Ignacio and {S{\'a}ez-Mada{\'i}n}, Alejandro F. and Sassella, Remi and Schellart, Pim and Shaw, Paul and Silva, Kevin M. and Shiokawa, Hotaka and Smith, David R. and Snow, William and Souccar, Kamal and Sousa, Don and Sridharan, T. K. and Srinivasan, Ranjani and Stahm, William and Stark, Anthony A. and Story, Kyle and Timmer, Sjoerd T. and Vertatschitsch, Laura and Walther, Craig and Wei, Ta-Shun and Whitehorn, Nathan and Whitney, Alan R. and Woody, David P. and Wouterloot, Jan G. A. and Wright, Melvin and Yamaguchi, Paul and Yu, Chen-Yu and Zeballos, Milagros and Zhang, Shuo and Ziurys, Lucy},
  year         = 2019,
  month        = apr,
  journal      = {The Astrophysical Journal Letters},
  volume       = 875,
  number       = 1,
  pages        = {L1},
  doi          = {10.3847/2041-8213/ab0ec7},
  issn         = {2041-8205},
  language     = {en}
}
@article{gaia_collaboration_gaia_2018,
  title        = {Gaia {{Data Release}} 2. {{Summary}} of the Contents and Survey Properties},
  author       = {{Gaia Collaboration} and Brown, A. G. A. and Vallenari, A. and Prusti, T. and {de Bruijne}, J. H. J. and Babusiaux, C. and {Bailer-Jones}, C. A. L. and Biermann, M. and Evans, D. W. and Eyer, L. and Jansen, F. and Jordi, C. and Klioner, S. A. and Lammers, U. and Lindegren, L. and Luri, X. and Mignard, F. and Panem, C. and Pourbaix, D. and Randich, S. and Sartoretti, P. and Siddiqui, H. I. and Soubiran, C. and {van Leeuwen}, F. and Walton, N. A. and Arenou, F. and Bastian, U. and Cropper, M. and Drimmel, R. and Katz, D. and Lattanzi, M. G. and Bakker, J. and Cacciari, C. and Casta{\~n}eda, J. and Chaoul, L. and Cheek, N. and De Angeli, F. and Fabricius, C. and Guerra, R. and Holl, B. and Masana, E. and Messineo, R. and Mowlavi, N. and Nienartowicz, K. and Panuzzo, P. and Portell, J. and Riello, M. and Seabroke, G. M. and Tanga, P. and Th{\'e}venin, F. and {Gracia-Abril}, G. and Comoretto, G. and {Garcia-Reinaldos}, M. and Teyssier, D. and Altmann, M. and Andrae, R. and Audard, M. and {Bellas-Velidis}, I. and Benson, K. and Berthier, J. and Blomme, R. and Burgess, P. and Busso, G. and Carry, B. and Cellino, A. and Clementini, G. and Clotet, M. and Creevey, O. and Davidson, M. and De Ridder, J. and Delchambre, L. and Dell'Oro, A. and Ducourant, C. and {Fern{\'a}ndez-Hern{\'a}ndez}, J. and Fouesneau, M. and Fr{\'e}mat, Y. and Galluccio, L. and {Garc{\'i}a-Torres}, M. and {Gonz{\'a}lez-N{\'u}{\~n}ez}, J. and {Gonz{\'a}lez-Vidal}, J. J. and Gosset, E. and Guy, L. P. and Halbwachs, J.-L. and Hambly, N. C. and Harrison, D. L. and Hern{\'a}ndez, J. and Hestroffer, D. and Hodgkin, S. T. and Hutton, A. and Jasniewicz, G. and {Jean-Antoine-Piccolo}, A. and Jordan, S. and Korn, A. J. and {Krone-Martins}, A. and Lanzafame, A. C. and Lebzelter, T. and L{\"o}ffler, W. and Manteiga, M. and Marrese, P. M. and {Mart{\'i}n-Fleitas}, J. M. and Moitinho, A. and Mora, A. and Muinonen, K. and Osinde, J. and Pancino, E. and Pauwels, T. and Petit, J.-M. and {Recio-Blanco}, A. and Richards, P. J. and Rimoldini, L. and Robin, A. C. and Sarro, L. M. and Siopis, C. and Smith, M. and Sozzetti, A. and S{\"u}veges, M. and Torra, J. and {van Reeven}, W. and Abbas, U. and Abreu Aramburu, A. and Accart, S. and Aerts, C. and Altavilla, G. and {\'A}lvarez, M. A. and Alvarez, R. and Alves, J. and Anderson, R. I. and Andrei, A. H. and Anglada Varela, E. and Antiche, E. and Antoja, T. and Arcay, B. and Astraatmadja, T. L. and Bach, N. and Baker, S. G. and {Balaguer-N{\'u}{\~n}ez}, L. and Balm, P. and Barache, C. and Barata, C. and Barbato, D. and Barblan, F. and Barklem, P. S. and Barrado, D. and Barros, M. and Barstow, M. A. and Bartholom{\'e} Mu{\~n}oz, S. and Bassilana, J.-L. and Becciani, U. and Bellazzini, M. and Berihuete, A. and Bertone, S. and Bianchi, L. and Bienaym{\'e}, O. and {Blanco-Cuaresma}, S. and Boch, T. and Boeche, C. and Bombrun, A. and Borrachero, R. and Bossini, D. and Bouquillon, S. and Bourda, G. and Bragaglia, A. and Bramante, L. and Breddels, M. A. and Bressan, A. and Brouillet, N. and Br{\"u}semeister, T. and Brugaletta, E. and Bucciarelli, B. and Burlacu, A. and Busonero, D. and Butkevich, A. G. and Buzzi, R. and Caffau, E. and Cancelliere, R. and Cannizzaro, G. and {Cantat-Gaudin}, T. and Carballo, R. and Carlucci, T. and Carrasco, J. M. and Casamiquela, L. and Castellani, M. and {Castro-Ginard}, A. and Charlot, P. and Chemin, L. and Chiavassa, A. and Cocozza, G. and Costigan, G. and Cowell, S. and Crifo, F. and Crosta, M. and Crowley, C. and Cuypers, J. and Dafonte, C. and Damerdji, Y. and Dapergolas, A. and David, P. and David, M. and {de Laverny}, P. and De Luise, F. and De March, R. and {de Martino}, D. and {de Souza}, R. and {de Torres}, A. and Debosscher, J. and {del Pozo}, E. and Delbo, M. and Delgado, A. and Delgado, H. E. and Di Matteo, P. and Diakite, S. and Diener, C. and Distefano, E. and Dolding, C. and Drazinos, P. and Dur{\'a}n, J. and Edvardsson, B. and Enke, H. and Eriksson, K. and Esquej, P. and Eynard Bontemps, G. and Fabre, C. and Fabrizio, M. and Faigler, S. and Falc{\~a}o, A. J. and Farr{\`a}s Casas, M. and Federici, L. and Fedorets, G. and Fernique, P. and Figueras, F. and Filippi, F. and Findeisen, K. and Fonti, A. and Fraile, E. and Fraser, M. and Fr{\'e}zouls, B. and Gai, M. and Galleti, S. and Garabato, D. and {Garc{\'i}a-Sedano}, F. and Garofalo, A. and Garralda, N. and Gavel, A. and Gavras, P. and Gerssen, J. and Geyer, R. and Giacobbe, P. and Gilmore, G. and Girona, S. and Giuffrida, G. and Glass, F. and Gomes, M. and Granvik, M. and Gueguen, A. and Guerrier, A. and Guiraud, J. and {Guti{\'e}rrez-S{\'a}nchez}, R. and Haigron, R. and Hatzidimitriou, D. and Hauser, M. and Haywood, M. and Heiter, U. and Helmi, A. and Heu, J. and Hilger, T. and Hobbs, D. and Hofmann, W. and Holland, G. and Huckle, H. E. and Hypki, A. and Icardi, V. and Jan{\ss}en, K. and {Jevardat de Fombelle}, G. and Jonker, P. G. and Juh{\'a}sz, {\'A}. L. and Julbe, F. and Karampelas, A. and Kewley, A. and Klar, J. and Kochoska, A. and Kohley, R. and Kolenberg, K. and Kontizas, M. and Kontizas, E. and Koposov, S. E. and Kordopatis, G. and {Kostrzewa-Rutkowska}, Z. and Koubsky, P. and Lambert, S. and Lanza, A. F. and Lasne, Y. and Lavigne, J.-B. and Le Fustec, Y. and {Le Poncin-Lafitte}, C. and Lebreton, Y. and Leccia, S. and Leclerc, N. and {Lecoeur-Taibi}, I. and Lenhardt, H. and Leroux, F. and Liao, S. and Licata, E. and Lindstr{\o}m, H. E. P. and Lister, T. A. and Livanou, E. and Lobel, A. and L{\'o}pez, M. and Managau, S. and Mann, R. G. and Mantelet, G. and Marchal, O. and Marchant, J. M. and Marconi, M. and Marinoni, S. and Marschalk{\'o}, G. and Marshall, D. J. and Martino, M. and Marton, G. and Mary, N. and Massari, D. and Matijevi{\v c}, G. and Mazeh, T. and McMillan, P. J. and Messina, S. and Michalik, D. and Millar, N. R. and Molina, D. and Molinaro, R. and Moln{\'a}r, L. and Montegriffo, P. and Mor, R. and Morbidelli, R. and Morel, T. and Morris, D. and Mulone, A. F. and Muraveva, T. and Musella, I. and Nelemans, G. and Nicastro, L. and Noval, L. and O'Mullane, W. and Ord{\'e}novic, C. and {Ord{\'o}{\~n}ez-Blanco}, D. and Osborne, P. and Pagani, C. and Pagano, I. and Pailler, F. and Palacin, H. and Palaversa, L. and Panahi, A. and Pawlak, M. and Piersimoni, A. M. and Pineau, F.-X. and Plachy, E. and Plum, G. and Poggio, E. and Poujoulet, E. and Pr{\v s}a, A. and Pulone, L. and Racero, E. and Ragaini, S. and Rambaux, N. and {Ramos-Lerate}, M. and Regibo, S. and Reyl{\'e}, C. and Riclet, F. and Ripepi, V. and Riva, A. and Rivard, A. and Rixon, G. and Roegiers, T. and Roelens, M. and {Romero-G{\'o}mez}, M. and Rowell, N. and Royer, F. and {Ruiz-Dern}, L. and Sadowski, G. and Sagrist{\`a} Sell{\'e}s, T. and Sahlmann, J. and Salgado, J. and Salguero, E. and Sanna, N. and {Santana-Ros}, T. and Sarasso, M. and Savietto, H. and Schultheis, M. and Sciacca, E. and Segol, M. and Segovia, J. C. and S{\'e}gransan, D. and Shih, I.-C. and Siltala, L. and Silva, A. F. and Smart, R. L. and Smith, K. W. and Solano, E. and Solitro, F. and Sordo, R. and Soria Nieto, S. and Souchay, J. and Spagna, A. and Spoto, F. and Stampa, U. and Steele, I. A. and Steidelm{\"u}ller, H. and Stephenson, C. A. and Stoev, H. and Suess, F. F. and Surdej, J. and Szabados, L. and {Szegedi-Elek}, E. and Tapiador, D. and Taris, F. and Tauran, G. and Taylor, M. B. and Teixeira, R. and Terrett, D. and Teyssandier, P. and Thuillot, W. and Titarenko, A. and Torra Clotet, F. and Turon, C. and Ulla, A. and Utrilla, E. and Uzzi, S. and Vaillant, M. and Valentini, G. and Valette, V. and {van Elteren}, A. and Van Hemelryck, E. and {van Leeuwen}, M. and Vaschetto, M. and Vecchiato, A. and Veljanoski, J. and Viala, Y. and Vicente, D. and Vogt, S. and {von Essen}, C. and Voss, H. and Votruba, V. and Voutsinas, S. and Walmsley, G. and Weiler, M. and Wertz, O. and Wevers, T. and Wyrzykowski, {\L}. and Yoldas, A. and {\v Z}erjal, M. and Ziaeepour, H. and Zorec, J. and Zschocke, S. and Zucker, S. and Zurbach, C. and Zwitter, T.},
  year         = 2018,
  month        = aug,
  journal      = {Astronomy and Astrophysics},
  volume       = 616,
  pages        = {A1},
  doi          = {10.1051/0004-6361/201833051},
  issn         = {0004-6361}
}
@article{gaia_collaboration_gaia_2016,
  title        = {The {{Gaia}} Mission},
  author       = {{Gaia Collaboration} and Prusti, T. and {de Bruijne}, J. H. J. and Brown, A. G. A. and Vallenari, A. and Babusiaux, C. and {Bailer-Jones}, C. A. L. and Bastian, U. and Biermann, M. and Evans, D. W. and Eyer, L. and Jansen, F. and Jordi, C. and Klioner, S. A. and Lammers, U. and Lindegren, L. and Luri, X. and Mignard, F. and Milligan, D. J. and Panem, C. and Poinsignon, V. and Pourbaix, D. and Randich, S. and Sarri, G. and Sartoretti, P. and Siddiqui, H. I. and Soubiran, C. and Valette, V. and {van Leeuwen}, F. and Walton, N. A. and Aerts, C. and Arenou, F. and Cropper, M. and Drimmel, R. and H{\o}g, E. and Katz, D. and Lattanzi, M. G. and O'Mullane, W. and Grebel, E. K. and Holland, A. D. and Huc, C. and Passot, X. and Bramante, L. and Cacciari, C. and Casta{\~n}eda, J. and Chaoul, L. and Cheek, N. and De Angeli, F. and Fabricius, C. and Guerra, R. and Hern{\'a}ndez, J. and {Jean-Antoine-Piccolo}, A. and Masana, E. and Messineo, R. and Mowlavi, N. and Nienartowicz, K. and {Ord{\'o}{\~n}ez-Blanco}, D. and Panuzzo, P. and Portell, J. and Richards, P. J. and Riello, M. and Seabroke, G. M. and Tanga, P. and Th{\'e}venin, F. and Torra, J. and Els, S. G. and {Gracia-Abril}, G. and Comoretto, G. and {Garcia-Reinaldos}, M. and Lock, T. and Mercier, E. and Altmann, M. and Andrae, R. and Astraatmadja, T. L. and {Bellas-Velidis}, I. and Benson, K. and Berthier, J. and Blomme, R. and Busso, G. and Carry, B. and Cellino, A. and Clementini, G. and Cowell, S. and Creevey, O. and Cuypers, J. and Davidson, M. and De Ridder, J. and {de Torres}, A. and Delchambre, L. and Dell'Oro, A. and Ducourant, C. and Fr{\'e}mat, Y. and {Garc{\'i}a-Torres}, M. and Gosset, E. and Halbwachs, J.-L. and Hambly, N. C. and Harrison, D. L. and Hauser, M. and Hestroffer, D. and Hodgkin, S. T. and Huckle, H. E. and Hutton, A. and Jasniewicz, G. and Jordan, S. and Kontizas, M. and Korn, A. J. and Lanzafame, A. C. and Manteiga, M. and Moitinho, A. and Muinonen, K. and Osinde, J. and Pancino, E. and Pauwels, T. and Petit, J.-M. and {Recio-Blanco}, A. and Robin, A. C. and Sarro, L. M. and Siopis, C. and Smith, M. and Smith, K. W. and Sozzetti, A. and Thuillot, W. and {van Reeven}, W. and Viala, Y. and Abbas, U. and Abreu Aramburu, A. and Accart, S. and Aguado, J. J. and Allan, P. M. and Allasia, W. and Altavilla, G. and {\'A}lvarez, M. A. and Alves, J. and Anderson, R. I. and Andrei, A. H. and Anglada Varela, E. and Antiche, E. and Antoja, T. and Ant{\'o}n, S. and Arcay, B. and Atzei, A. and Ayache, L. and Bach, N. and Baker, S. G. and {Balaguer-N{\'u}{\~n}ez}, L. and Barache, C. and Barata, C. and Barbier, A. and Barblan, F. and Baroni, M. and {Barrado y Navascu{\'e}s}, D. and Barros, M. and Barstow, M. A. and Becciani, U. and Bellazzini, M. and Bellei, G. and Bello Garc{\'i}a, A. and Belokurov, V. and Bendjoya, P. and Berihuete, A. and Bianchi, L. and Bienaym{\'e}, O. and Billebaud, F. and Blagorodnova, N. and {Blanco-Cuaresma}, S. and Boch, T. and Bombrun, A. and Borrachero, R. and Bouquillon, S. and Bourda, G. and Bouy, H. and Bragaglia, A. and Breddels, M. A. and Brouillet, N. and Br{\"u}semeister, T. and Bucciarelli, B. and Budnik, F. and Burgess, P. and Burgon, R. and Burlacu, A. and Busonero, D. and Buzzi, R. and Caffau, E. and Cambras, J. and Campbell, H. and Cancelliere, R. and {Cantat-Gaudin}, T. and Carlucci, T. and Carrasco, J. M. and Castellani, M. and Charlot, P. and Charnas, J. and Charvet, P. and Chassat, F. and Chiavassa, A. and Clotet, M. and Cocozza, G. and Collins, R. S. and Collins, P. and Costigan, G. and Crifo, F. and Cross, N. J. G. and Crosta, M. and Crowley, C. and Dafonte, C. and Damerdji, Y. and Dapergolas, A. and David, P. and David, M. and De Cat, P. and {de Felice}, F. and {de Laverny}, P. and De Luise, F. and De March, R. and {de Martino}, D. and {de Souza}, R. and Debosscher, J. and {del Pozo}, E. and Delbo, M. and Delgado, A. and Delgado, H. E. and {di Marco}, F. and Di Matteo, P. and Diakite, S. and Distefano, E. and Dolding, C. and Dos Anjos, S. and Drazinos, P. and Dur{\'a}n, J. and Dzigan, Y. and Ecale, E. and Edvardsson, B. and Enke, H. and Erdmann, M. and Escolar, D. and Espina, M. and Evans, N. W. and Eynard Bontemps, G. and Fabre, C. and Fabrizio, M. and Faigler, S. and Falc{\~a}o, A. J. and Farr{\`a}s Casas, M. and Faye, F. and Federici, L. and Fedorets, G. and {Fern{\'a}ndez-Hern{\'a}ndez}, J. and Fernique, P. and Fienga, A. and Figueras, F. and Filippi, F. and Findeisen, K. and Fonti, A. and Fouesneau, M. and Fraile, E. and Fraser, M. and Fuchs, J. and Furnell, R. and Gai, M. and Galleti, S. and Galluccio, L. and Garabato, D. and {Garc{\'i}a-Sedano}, F. and Gar{\'e}, P. and Garofalo, A. and Garralda, N. and Gavras, P. and Gerssen, J. and Geyer, R. and Gilmore, G. and Girona, S. and Giuffrida, G. and Gomes, M. and {Gonz{\'a}lez-Marcos}, A. and {Gonz{\'a}lez-N{\'u}{\~n}ez}, J. and {Gonz{\'a}lez-Vidal}, J. J. and Granvik, M. and Guerrier, A. and Guillout, P. and Guiraud, J. and G{\'u}rpide, A. and {Guti{\'e}rrez-S{\'a}nchez}, R. and Guy, L. P. and Haigron, R. and Hatzidimitriou, D. and Haywood, M. and Heiter, U. and Helmi, A. and Hobbs, D. and Hofmann, W. and Holl, B. and Holland, G. and Hunt, J. A. S. and Hypki, A. and Icardi, V. and Irwin, M. and {Jevardat de Fombelle}, G. and Jofr{\'e}, P. and Jonker, P. G. and Jorissen, A. and Julbe, F. and Karampelas, A. and Kochoska, A. and Kohley, R. and Kolenberg, K. and Kontizas, E. and Koposov, S. E. and Kordopatis, G. and Koubsky, P. and Kowalczyk, A. and {Krone-Martins}, A. and Kudryashova, M. and Kull, I. and Bachchan, R. K. and {Lacoste-Seris}, F. and Lanza, A. F. and Lavigne, J.-B. and {Le Poncin-Lafitte}, C. and Lebreton, Y. and Lebzelter, T. and Leccia, S. and Leclerc, N. and {Lecoeur-Taibi}, I. and Lemaitre, V. and Lenhardt, H. and Leroux, F. and Liao, S. and Licata, E. and Lindstr{\o}m, H. E. P. and Lister, T. A. and Livanou, E. and Lobel, A. and L{\"o}ffler, W. and L{\'o}pez, M. and {Lopez-Lozano}, A. and Lorenz, D. and Loureiro, T. and MacDonald, I. and Magalh{\~a}es Fernandes, T. and Managau, S. and Mann, R. G. and Mantelet, G. and Marchal, O. and Marchant, J. M. and Marconi, M. and Marie, J. and Marinoni, S. and Marrese, P. M. and Marschalk{\'o}, G. and Marshall, D. J. and {Mart{\'i}n-Fleitas}, J. M. and Martino, M. and Mary, N. and Matijevi{\v c}, G. and Mazeh, T. and McMillan, P. J. and Messina, S. and Mestre, A. and Michalik, D. and Millar, N. R. and Miranda, B. M. H. and Molina, D. and Molinaro, R. and Molinaro, M. and Moln{\'a}r, L. and Moniez, M. and Montegriffo, P. and Monteiro, D. and Mor, R. and Mora, A. and Morbidelli, R. and Morel, T. and Morgenthaler, S. and Morley, T. and Morris, D. and Mulone, A. F. and Muraveva, T. and Musella, I. and Narbonne, J. and Nelemans, G. and Nicastro, L. and Noval, L. and Ord{\'e}novic, C. and {Ordieres-Mer{\'e}}, J. and Osborne, P. and Pagani, C. and Pagano, I. and Pailler, F. and Palacin, H. and Palaversa, L. and Parsons, P. and Paulsen, T. and Pecoraro, M. and Pedrosa, R. and Pentik{\"a}inen, H. and Pereira, J. and Pichon, B. and Piersimoni, A. M. and Pineau, F.-X. and Plachy, E. and Plum, G. and Poujoulet, E. and Pr{\v s}a, A. and Pulone, L. and Ragaini, S. and Rago, S. and Rambaux, N. and {Ramos-Lerate}, M. and Ranalli, P. and Rauw, G. and Read, A. and Regibo, S. and Renk, F. and Reyl{\'e}, C. and Ribeiro, R. A. and Rimoldini, L. and Ripepi, V. and Riva, A. and Rixon, G. and Roelens, M. and {Romero-G{\'o}mez}, M. and Rowell, N. and Royer, F. and Rudolph, A. and {Ruiz-Dern}, L. and Sadowski, G. and Sagrist{\`a} Sell{\'e}s, T. and Sahlmann, J. and Salgado, J. and Salguero, E. and Sarasso, M. and Savietto, H. and Schnorhk, A. and Schultheis, M. and Sciacca, E. and Segol, M. and Segovia, J. C. and Segransan, D. and Serpell, E. and Shih, I.-C. and Smareglia, R. and Smart, R. L. and Smith, C. and Solano, E. and Solitro, F. and Sordo, R. and Soria Nieto, S. and Souchay, J. and Spagna, A. and Spoto, F. and Stampa, U. and Steele, I. A. and Steidelm{\"u}ller, H. and Stephenson, C. A. and Stoev, H. and Suess, F. F. and S{\"u}veges, M. and Surdej, J. and Szabados, L. and {Szegedi-Elek}, E. and Tapiador, D. and Taris, F. and Tauran, G. and Taylor, M. B. and Teixeira, R. and Terrett, D. and Tingley, B. and Trager, S. C. and Turon, C. and Ulla, A. and Utrilla, E. and Valentini, G. and {van Elteren}, A. and Van Hemelryck, E. and {van Leeuwen}, M. and Varadi, M. and Vecchiato, A. and Veljanoski, J. and Via, T. and Vicente, D. and Vogt, S. and Voss, H. and Votruba, V. and Voutsinas, S. and Walmsley, G. and Weiler, M. and Weingrill, K. and Werner, D. and Wevers, T. and Whitehead, G. and Wyrzykowski, {\L}. and Yoldas, A. and {\v Z}erjal, M. and Zucker, S. and Zurbach, C. and Zwitter, T. and Alecu, A. and Allen, M. and Allende Prieto, C. and Amorim, A. and {Anglada-Escud{\'e}}, G. and Arsenijevic, V. and Azaz, S. and Balm, P. and Beck, M. and Bernstein, H.-H. and Bigot, L. and Bijaoui, A. and Blasco, C. and Bonfigli, M. and Bono, G. and Boudreault, S. and Bressan, A. and Brown, S. and Brunet, P.-M. and Bunclark, P. and Buonanno, R. and Butkevich, A. G. and Carret, C. and Carrion, C. and Chemin, L. and Ch{\'e}reau, F. and Corcione, L. and Darmigny, E. and {de Boer}, K. S. and {de Teodoro}, P. and {de Zeeuw}, P. T. and Delle Luche, C. and Domingues, C. D. and Dubath, P. and Fodor, F. and Fr{\'e}zouls, B. and Fries, A. and Fustes, D. and Fyfe, D. and Gallardo, E. and Gallegos, J. and Gardiol, D. and Gebran, M. and Gomboc, A. and G{\'o}mez, A. and Grux, E. and Gueguen, A. and Heyrovsky, A. and Hoar, J. and Iannicola, G. and Isasi Parache, Y. and Janotto, A.-M. and Joliet, E. and Jonckheere, A. and Keil, R. and Kim, D.-W. and Klagyivik, P. and Klar, J. and Knude, J. and Kochukhov, O. and Kolka, I. and Kos, J. and Kutka, A. and Lainey, V. and LeBouquin, D. and Liu, C. and Loreggia, D. and Makarov, V. V. and Marseille, M. G. and Martayan, C. and {Martinez-Rubi}, O. and Massart, B. and Meynadier, F. and Mignot, S. and Munari, U. and Nguyen, A.-T. and Nordlander, T. and Ocvirk, P. and O'Flaherty, K. S. and Olias Sanz, A. and Ortiz, P. and Osorio, J. and Oszkiewicz, D. and Ouzounis, A. and Palmer, M. and Park, P. and Pasquato, E. and Peltzer, C. and Peralta, J. and P{\'e}turaud, F. and Pieniluoma, T. and Pigozzi, E. and Poels, J. and Prat, G. and Prod'homme, T. and Raison, F. and Rebordao, J. M. and Risquez, D. and {Rocca-Volmerange}, B. and Rosen, S. and {Ruiz-Fuertes}, M. I. and Russo, F. and Sembay, S. and Serraller Vizcaino, I. and Short, A. and Siebert, A. and Silva, H. and Sinachopoulos, D. and Slezak, E. and Soffel, M. and Sosnowska, D. and Strai{\v z}ys, V. and {ter Linden}, M. and Terrell, D. and Theil, S. and Tiede, C. and Troisi, L. and Tsalmantza, P. and Tur, D. and Vaccari, M. and Vachier, F. and Valles, P. and Van Hamme, W. and Veltz, L. and Virtanen, J. and Wallut, J.-M. and Wichmann, R. and Wilkinson, M. I. and Ziaeepour, H. and Zschocke, S.},
  year         = 2016,
  month        = nov,
  journal      = {Astronomy and Astrophysics},
  volume       = 595,
  pages        = {A1},
  doi          = {10.1051/0004-6361/201629272},
  issn         = {0004-6361}
}
